3456 4718
199 287 409 371 cietx.
509 292 1120 372 narrentanorum-r.
1291 315 1371 377 121

201 425 360 523 spirituali
378 425 669 498 versatilhmorum
686 426 922 497 Minillrorum
939 424 1066 496 Christi
1080 475 1092 514 ,
1119 420 1181 498 fibi
1197 427 1371 503 vindicare

202 524 286 639 cusat
302 524 465 617 ejusmodi
480 526 593 635 donarer
607 528 796 636 droxgr‘oeor,
821 547 891 619 quo
904 520 1009 689 ahspue
1022 528 1079 637 ello
1094 530 1201 594 erroris
1215 552 1294 638 metu
1308 546 1368 635 aut

196 628 332 722 peracuto
347 647 460 694 veram
475 621 726 695 sandhmonram
744 620 786 692 ab
802 620 941 717 hypocn
958 621 1369 717 rommcesupoffitdrscer·

202 716 306 790 nere?
330 721 443 793 Credo
451 715 759 831 equidem&facile
768 718 941 814 intelligo,
956 718 1101 789 multum
1111 719 1166 791 hie
1175 723 1369 816 poss'eexer-

203 818 401 890 citationem
416 817 590 914 spiritualis
600 816 721 911 judicii
736 816 898 889 Virorum
916 813 982 885 Dei
996 847 1008 899 3
1034 840 1096 889 nec
1111 817 1282 890 humiliter
1295 820 1367 892 sen·

203 914 253 984 tio
269 917 332 986 hac
347 919 450 987 etiarn
467 934 561 1010 parte
576 914 618 985 de
628 914 747 987 Gratia
755 915 898 1012 Spiritus
907 914 941 984 S.
949 915 983 983 in
992 912 1148 986 fidelibus
1156 915 1282 989 Christi
1292 919 1365 991 Mi·

202 1012 329 1097 nistris:
354 1011 436 1085 abht
453 1032 567 1085 tamen
582 1014 621 1085 iis
636 1012 801 1099 tribuam,
826 1012 917 1107 quod
927 1010 1365 1111 Deusipsrsnullibipromi·

201 1106 269 1199 fit,
301 1109 336 1179 ὅ(
353 1113 584 1207 experientia,
616 1113 764 1182 veritatis
780 1109 961 1206 magistra,
987 1110 1026 1179 iis
1040 1112 1232 1183 constanter
1247 1130 1362 1210 negat.

199 1203 351 1298 Deinde,
378 1233 448 1305 quo
462 1210 598 1281 tandem
616 1213 760 1306 pignore
773 1227 865 1278 certa
876 1206 939 1278 'fiet
949 1204 1134 1296 fidesmea,
1161 1210 1363 1306 sacrample·

198 1298 277 1377 bem
293 1307 328 1377 in
342 1307 506 1405 eligendis
518 1306 676 1379 Ecclesiae
687 1303 1268 1401 Ministrisnonerraturamjudicio?
1291 1331 1363 1380 non

198 1400 287 1476 torte
294 1403 543 1501 deligunturam
551 1399 786 1501 hypocritam?
803 1399 889 1472 forte
897 1405 931 1471 in
938 1402 1151 1475 discernenda
1158 1402 1363 1502 fincerapie·

198 1518 271 1575 tate
293 1502 312 1573 ὲ
327 1504 462 1598 pietatis
475 1503 557 1572 fuco
571 1524 640 1571 non
655 1500 730 1569 latis
745 1497 967 1594 perspicacem
984 1496 1000 1567 ?
1029 1498 1118 1571 forte
1133 1506 1233 1573 etiam
1249 1505 1361 1576 virum

198 1595 353 1687 bonum,
376 1599 432 1670 sed
447 1602 482 1668 in
495 1596 765 1694 quodiligcntia,
789 1594 824 1665 &
838 1595 1239 1692 vigilantiadehderetur?
1262 1601 1363 1695 Qot

200 1699 292 1767 enim
315 1694 348 1765 &
365 1716 489 1789 quanta
503 1697 715 1790 requiruntur
729 1695 765 1764 in
781 1692 933 1788 perfecto
948 1692 1074 1765 Christi
1088 1695 1165 1786 Jesu
1179 1694 1359 1769 Ministro!

199 1792 308 1888 Qrod
323 1791 348 1864 sr
367 1790 866 1889 verolupponaturfieriposs'e,
881 1811 919 1863 ut
929 1815 971 1861 ex
980 1809 1032 1862 tot
1041 1792 1187 1865 millibus
1194 1792 1363 1867 Coetuum

198 1890 468 1962 Christianorum
492 1918 568 1962 renus
581 1889 722 1994 &pauci
735 1888 897 1984 ejusmodi
912 1888 970 1961 hic
982 1891 1200 1963 committant
1215 1916 1362 1964 errorem

191 1986 315 2085 judicii
322 2019 335 2073 3
361 1986 473 2061 auum
488 1990 550 2062 erit
564 1990 608 2061 de
622 2007 694 2061 tota
709 1986 962 2060 Donatistarum
978 1986 1166 2086 hypothefi.
1198 1990 1255 2063 Sic
1269 1990 1362 2063 enim

197 2109 268 2159 uon
284 2086 471 2183 hypocritae
486 2104 638 2177 tantum,
661 2087 716 2159 sed
732 2084 768 2156 ὃ(
783 2089 907 2183 impuri
921 2085 1111 2182 &plurium
1119 2088 1278 2160 vitiorum
1286 2086 1363 2161 labe

195 2181 312 2257 infecli
335 2186 490 2259 homines
503 2210 582 2259 cum
598 2206 752 2284 tempore
766 2184 995 2283 adjungentur
1008 2184 1043 2255 &
1051 2182 1206 2289 [obrepere
1220 2186 1522 2278 sanctientur«

195 2281 233 2355 ὅ(
247 2285 369 2381 longus
383 2287 445 2359 erit
461 2286 602 2359 aliorum
619 2284 914 2357 incommodorum
930 2281 1065 2367 tradlus.

243 2382 314 2456 lv.
345 2386 442 2477 Quin
479 2384 566 2479 ipsos
597 2382 790 2454 Donatistas
811 2383 1017 2476 experientia
1037 2380 1103 2453 suae
1123 2385 1275 2456 convicit
1294 2385 1360 2457 im·

192 2477 414 2567 beciltiratis,
448 2504 548 2574 quam
571 2482 612 2551 iis
634 2503 703 2550 non
725 2502 795 2551 uno
816 2478 894 2551 loco
907 2476 1123 2574 exprobravit
1137 2483 1358 2577 Augustinus.

194 2574 405 2669 Deprehensi
422 2582 512 2648 enim
527 2573 615 2671 saepe
629 2577 717 2648 inter
731 2576 803 2647 illos
817 2577 853 2646 in
867 2577 1009 2647 crimine
1023 2575 1116 2664 sunt,
1144 2602 1286 2673 quomm
1296 2602 1358 2649 no·

194 2676 289 2749 mina
303 2676 390 2744 inter
404 2671 532 2746 sanclos
546 2671 945 2746 hadenusrecitaverant.
970 2674 1208 2768 Ostendanrifli,
1231 2679 1279 2746 ait
1285 2677 1355 2748 Au·
1371 2693 1426 2744 rto.
1438 2694 1538 2748 ouon

193 2774 349 2872 gullinus
365 2820 378 2861 ‚
401 2773 544 2869 quomodo
557 2799 661 2842 eorum
673 2780 847 2870 contagione
861 2797 920 2840 non
929 2777 1093 2873 perierint,
1117 2773 1358 2872 quossircrilegos
1369 2756 1507 2883 {2⁵5⁶

192 2872 381 2963 incestatorer
392 2874 569 2963 conservate
576 2873 728 2972 pudicitie
733 2871 931 2962 feminarum
945 2870 1217 2955 interselarereve!
1224 2874 1358 2962 latuiffe,

192 2976 248 3041 vel
261 2967 351 3039 modi
363 2971 515 3063 nesciunt,
539 2973 592 3039 vel
606 2972 771 3065 aliquando
785 2970 956 3062 nescierant.
979 2970 1077 3040 Tum
1092 2966 1253 3064 praetere&
1267 2970 1357 3043 inter

193 3067 281 3164 ipsos
297 3067 491 3139 Donatistas
504 3088 617 3138 ortum
633 3085 701 3138 erat
710 3064 992 3164 graveSchisma,
1017 3064 1228 3163 Principibus
1235 3064 1358 3140 factio·

194 3166 247 3236 nis
267 3168 481 3237 Maximiano
494 3164 529 3235 ὅ(
546 3166 741 3254 Primiano,
773 3186 916 3260 quorum
932 3163 987 3235 ille
1002 3164 1037 3234 in
1051 3162 1177 3237 solenni
1194 3166 1355 3241 Concilio

193 3260 207 3334 i
244 3285 341 3335 orum
355 3262 607 3336 Donatistarum
622 3264 817 3352 damnatus,
841 3285 920 3332 curn
936 3262 1081 3358 partium
1090 3262 1221 3336 suarum
1231 3265 1356 3337 studio·

209 3382 237 3431 rs
252 3360 467 3457 lmpemtorirl
480 3360 678 3434 audioritate
691 3362 838 3433 coerceri
853 3358 980 3432 debuit.
1005 3360 1154 3451 Atoerl,
1178 3364 1225 3434 ait
1235 3364 1352 3462 Augu·
1368 3380 1505 3445 comet

192 3455 317 3546 stinus,
339 3460 420 3558 quod
436 3462 743 3539 Maximianidarum
749 3464 887 3555 fioorem
899 3457 1355 3561 Legibuspabttciscotrcendm

188 3556 338 3660 portello,
362 3584 393 3625 ιιι
407 3584 457 3627 eos
465 3581 518 3658 per
524 3565 607 3663 jrssa
621 3559 796 3652 Judicum,
822 3578 871 3631 (θ’
883 3564 1086 3629 executionem
1099 3558 1279 3652 officiorum,
1306 3580 1354 3634 (ι’

193 3659 319 3726 auxilia
332 3662 504 3725 Ciaa'rerum
513 3660 611 3752 pulsos
623 3659 663 3728 de
675 3661 837 3753 Befilier'o‚
868 3682 936 3752 quat
948 3654 1105 3743 tenebam,
1129 3658 1173 3725 ed
1186 3660 1358 3753 confidere·

193 3760 305 3827 tionem
313 3752 449 3847 sseiscele
463 3758 488 3820 ie
500 3760 679 3849 arguereris,
702 3781 761 3825 ιιιιι
773 3755 1034 3857 reprehendimur,
1058 3751 1095 3823 ὃ(
1132 3776 1185 3823 uae
1192 3755 1280 3853 seqq.
1308 3758 1355 3830 Et

134 3928 140 3937 ,
192 3849 272 3925 sane
285 3852 567 3940 circumcelliones,
590 3853 648 3946 qui
662 3849 1117 3939 dicebanturDonatianaefa
1154 3854 1354 3926 ‘onishomi

192 3960 279 4043 nes,
310 3951 415 4051 quem
434 3965 607 4023 tentarunt
625 3947 794 4049 desperata
782 3999 840 4143 d
850 3946 945 4023 &ab
958 3950 1054 4025 omui
1067 3972 1148 4025 vero
1162 3950 1359 4125 Chrillffieagg

255 4128 260 4135 -
303 4104 320 4147 r
