3456 4718
216 265 327 347 cir.
350 264 400 343 V.
536 275 756 383 Exponimr
772 292 892 383 atque
912 271 1134 362 illustrator.
1334 308 1388 389 57
1427 274 1433 285 ”

215 409 257 484 lis
278 410 325 483 est
343 416 510 483 Paterniru
525 416 667 482 Gentium
680 411 900 509 &Hereditas
915 419 1050 487 Mundi.
1081 421 1215 514 Quaero
1229 419 1332 519 igimr
1348 421 1387 496 δι

214 508 370 603 disputo,
393 533 436 579 an
453 508 623 581 Beneditlio
639 509 712 599 illa,
738 535 815 606 quae
831 512 1002 584 Gentibus
1015 513 1180 587 destinata
1194 520 1244 589 est
1258 526 1291 586 in
1304 548 1385 591 com·

213 614 354 676 »tronione
370 606 563 693 Abastanoi,
589 604 628 677 sit
642 608 842 702 corporalis,
868 608 938 681 five
951 613 1316 713 temporalis&externa,
1341 640 1385 690 an

203 699 400 802 spiritualis?
425 705 460 776 Si
473 706 666 802 temporalem
679 706 787 776 dicas:
814 708 1087 803 explicaqureso,
1111 712 1386 809 quaenambenefi-

212 808 263 870 ria
276 806 454 902 temporulra
468 802 509 873 ad
523 828 623 871 omnes
637 822 733 873 trrrae
749 809 879 903 Populos
891 829 933 875 ex
945 810 1188 880 communione
1197 808 1381 883 Abrahami

211 902 424 969 rea'undarent.
449 901 505 970 An
519 900 650 971 Gentes
665 898 833 972 beneficio
847 901 946 997 hujus
960 896 1381 979 Communionisinnovas

212 995 462 1070 ducerentur&
478 995 641 1070 beatiores
656 1015 757 1069 terras
771 1021 812 1068 ac
826 999 996 1071 colonias?
1021 1002 1088 1073 Vel
1095 1005 1227 1095 potius,
1251 1003 1380 1076 benefi-

211 1096 272 1165 ciis
287 1114 415 1165 nature
431 1098 556 1190 majore
572 1095 735 1191 gavisurae
742 1096 847 1166 ess'ent
854 1095 972 1192 copiti?
997 1102 1083 1195 Agri
1091 1099 1220 1171 illarum
1230 1103 1266 1171 in
1274 1101 1381 1173 Abra·

209 1194 258 1263 mi
275 1196 517 1265 communione
531 1193 721 1264 uberiorem
736 1193 847 1264 daturi
861 1194 1006 1291 segetem
1015 1196 1050 1265 ὃ(
1061 1196 1289 1291 proventum?
1315 1201 1382 1271 Pe·

209 1290 335 1361 cudum
350 1291 530 1386 grandiora
543 1292 648 1362 essent
662 1290 784 1378 ubera,
809 1292 916 1386 major
929 1293 1152 1381 foecunditas,
1177 1294 1212 1363 ὃ(
1229 1294 1380 1367 luxurio-

209 1382 274 1457 fior
289 1387 416 1460 foetus?
442 1389 583 1459 Divitiae
599 1386 636 1456 ἃ
650 1410 732 1481 opes
747 1389 781 1457 in
797 1387 939 1479 ipsarum
954 1389 1167 1461 confluerent
1182 1391 1292 1462 aedes?
1317 1392 1373 1466 Ab

206 1483 434 1557 incommodis
449 1486 484 1555 bt
500 1484 636 1554 miseriis
644 1482 1017 1570 huiusvrtaevindicatae
1024 1486 1161 1558 beatum
1169 1512 1248 1560 cum
1251 1490 1376 1583 jucun·

207 1581 314 1653 ditate
328 1583 363 1650 ὅ(
379 1580 602 1655 ἀεΙεᾶιιῐίοηε
616 1581 650 1647 in
664 1581 717 1649 his
730 1580 825 1649 terris
839 1603 950 1650 aevum
964 1582 1125 1676 agerent?
1151 1585 1189 1654 N
1192 1612 1221 1656 ae
1235 1590 1373 1681 ineptus

206 1679 263 1750 illc
271 1678 445 1767 homoest,
453 1680 509 1748 cui
518 1678 551 1748 id
559 1679 593 1747 in
602 1694 750 1767 mentem
759 1677 871 1746 veniat
879 1680 1041 1774 cogitare.
1048 1678 1136 1750 Hoc
1144 1685 1235 1751 enim
1244 1702 1371 1755 naturae

206 1774 376 1848 beneficia
391 1777 561 1848 neminem
575 1772 707 1845 felicem
717 1772 750 1840 ὃ(
761 1770 899 1845 beatum
915 1775 1077 1866 reddunt,
1103 1774 1127 1848 li
1142 1775 1291 1871 sejuncto
1306 1777 1372 1852 sont

207 1868 821 1975 dBeneficirsspr'rirnaelr'bus&celestibus,
845 1894 921 1967 quae
930 1874 1019 1942 viam
1029 1872 1225 1946 stemuntad
1233 1872 1373 1951 salutem

205 1971 469 2066 felicitatemque
491 1990 660 2041 aternam.
708 1967 866 2055 Gentes,
898 1990 1082 2063 quaeerant
1095 1970 1154 2042 dno*
1167 1971 1305 2069 nordgau
1314 1972 1371 2066 fus·

204 2069 432 2156 maledrllione,
457 2068 493 2138 ὅ(
509 2070 597 2139 inter
610 2089 664 2138 eas
678 2064 889 2160 impuriflimi
902 2065 938 2137 dt
954 2065 1186 2164 improbissimi
1194 2071 1367 2163 homines,

202 2175 304 2239 arerm
315 2174 395 2267 ignis
408 2167 510 2238 instar
517 2165 694 2268 stipularum
707 2164 900 2254 damnatos,
924 2164 1052 2238 dudum
1067 2165 1120 2238 his
1133 2165 1231 2239 bonis
1243 2168 1370 2265 gavisae

200 2264 278 2338 sunt
291 2265 414 2353 absque
428 2263 611 2337 Abrahami
624 2265 878 2337 communione.
903 2263 991 2335 Non
1004 2284 1108 2361 egent
1121 2264 1370 2340 GentesAbra-

199 2361 304 2436 hamo
319 2383 357 2436 ut
371 2365 424 2436 his
437 2362 616 2437 Beneficiis
631 2364 814 2456 potiantur.
839 2362 916 2434 Alia
930 2361 1033 2434 habet
1048 2362 1141 2437 Deus
1154 2362 1246 2435 bona
1259 2366 1294 2435 in
1301 2364 1367 2439 suit

199 2460 381 2549 thesauris,
405 2485 481 2556 quae
496 2459 628 2532 confert
644 2459 696 2529 his
712 2457 835 2552 quibus
848 2457 1102 2547 verebenedicir,
1127 2463 1366 2559 quaeScriptu·

198 2580 236 2630 m
251 2576 353 2627 vocat
367 2567 506 2649 toaoylm
520 2552 719 2651 πνευματικὴν
734 2556 965 2629 beneditionem
972 2557 1189 2656 spiritualem,
1212 2581 1289 2651 quae
1302 2559 1365 2630 ob-
1392 2571 1531 2643 Ethelum
1657 2644 1661 2649 Ι

198 2655 304 2752 tingit
319 2652 450 2724 homini
465 2653 586 2725 misero
599 2652 749 2725 credenti
765 2663 791 2723 ἐν
805 2672 863 2730 τοῖς
876 2662 1035 2747 {repausare
1048 2663 1075 2723 b
1089 2655 1368 2752 xprerfir'nfupercoe-

198 2750 315 2845 sestilio
328 2757 361 2819 in
375 2751 515 2842 Claiflo,
540 2751 723 2825 Abrahami
739 2749 838 2824 Filio.
870 2748 990 2844 Quid?
1014 2751 1070 2821 An
1084 2749 1217 2820 alterius
1229 2753 1364 2846 generis

197 2846 234 2920 dt
250 2869 376 2920 naturae
391 2849 457 2920 else
470 2849 579 2944 potest
593 2848 785 2938 Benedillr'o,
810 2872 911 2946 quam
926 2848 1058 2921 Gentes
1070 2846 1321 2944 consequuntur
1328 2854 1363 2919 in

195 2955 400 3020 communione
414 2945 610 3037 Abraham,
634 2946 737 3043 quim
751 2946 821 3041 ipsa
830 2946 888 3020 illa
902 2950 1079 3018 Communia
1093 2942 1162 3017 est?
1186 2952 1363 3018 Commio

198 3068 312 3117 autem
328 3048 382 3118 illa
396 3070 440 3118 an
455 3046 554 3121 ullius
568 3043 718 3118 mortalis
731 3046 870 3142 ingenio
884 3044 941 3116 hic
955 3044 1019 3115 alia
1031 3040 1117 3139 fingi
1130 3043 1241 3140 potest
1248 3067 1289 3115 ac
1296 3072 1360 3142 my·

188 3145 270 3240 stica
283 3144 319 3216 ὃ(
327 3143 524 3249 spiritualis?
559 3145 659 3217 Num
672 3137 754 3213 verb
767 3142 906 3242 mystica
919 3140 956 3213 &
970 3141 1145 3310 [zintualis
1158 3146 1359 3214 communio

196 3264 267 3311 non
305 3244 445 3316 roducet
460 3243 632 3317 Beneficia
644 3240 825 3339 spiritualia
838 3238 875 3311 &
889 3241 990 3314 coelel
1008 3242 1058 3331 ia,
1079 3238 1135 3312 sed
1150 3242 1262 3337 potius
1268 3258 1357 3311 tcm-

195 3266 342 3436 potabo?
366 3342 423 3415 Sic
435 3340 530 3414 certex
545 3339 686 3415 effeetus
699 3338 817 3410 cauffae
831 3339 896 3411 suae
903 3336 1233 3412 elsetdiffimillimus.
1256 3346 1281 3407 S
1296 3343 1358 3405 iri-

194 3441 284 3507 rralir
299 3443 411 3534 itaque
426 3442 596 3511 Beneditlr'o
611 3441 737 3511 virtute
749 3437 849 3533 hujus
862 3434 1008 3534 promissi
1022 3435 1226 3508 conserenda
1277 3436 1354 3507 etin

196 3542 323 3618 Gemesa
348 3561 449 3630 quam
464 3538 545 3610 dum
562 3535 731 3610 Abrabam
746 3537 782 3607 in
790 3534 866 3631 ipfis
873 3538 1040 3631 acciperet
1047 3532 1237 3622 Gentibus,
1261 3535 1354 3605 dice-

194 3633 889 3730 returGentcsinflarhaeredr'mr'soccupare.
914 3629 1355 3708 Certahaecnostraestcol-

192 3730 322 3820 lectio,
348 3730 382 3801 &
397 3731 495 3806 facile
507 3734 658 3807 consistit
674 3732 797 3832 absque
809 3734 910 3805 ullius
926 3731 1108 3828 Prophetae
1121 3747 1179 3803 aut
1195 3727 1355 3824 Apostoli

191 3827 401 3903 audtoritate.
436 3833 480 3903 Et
494 3853 629 3929 gratum
644 3832 740 3905 nobis
753 3831 974 3904 nihilominus
986 3828 1132 3918 accidit,
1159 3827 1300 3899 Paulum
1314 3829 1351 3899 in

191 3928 256 4005 hac
269 3931 557 4006 demonstratione
569 3925 1085 4100 conficiendefiobitp'raeiviss'e,
1107 3924 1353 4099 &facempffi

218 4060 225 4067 ·
994 4074 998 4080 ·
1242 4042 1282 4099 tu
1333 4040 1354 4093 θ
