3456 4718
271 263 701 356 Sivedelitnunumt,
732 260 1161 379 nascituroexVirgine.
1278 290 1305 369 7
1388 290 1392 297 “

131 427 194 503 pet
213 402 349 502 Judaeos
364 405 465 500 lparli
476 403 601 491 ell'ent,
632 399 721 475 fone
736 426 806 473 non
820 399 907 475 adei>
920 404 1103 477 commode
1119 405 1190 478 fieri
1204 423 1302 501 pote·

132 500 657 605 rat:)sedvoluilleRmpublicam
664 501 1311 598 Judaorumsubvertereautlabefactat&

130 601 169 675 &
191 605 366 677 Achaeum
385 604 424 673 de
442 603 546 671 throno
559 601 738 689 deturbare,
764 618 804 672 ut
817 599 949 672 constat
963 625 1005 671 ex
1020 601 1072 678 ils.
1089 612 1121 671 6.
1155 601 1301 677 Utrum·

130 725 199 796 que
213 722 325 774 autem
342 698 415 772 lieri
430 699 588 797 potuiffet
603 698 693 770 salvi
707 696 920 794 promiffione
934 699 978 769 de
993 700 1105 794 Christo
1121 724 1165 770 ex
1181 701 1300 798 Virgi-

131 823 176 870 ne
193 797 315 893 Jelleae
335 798 459 870 Gentis
483 798 624 868 orituro.
656 797 753 891 Qrid
775 798 865 867 enim
882 822 926 866 ex
940 795 1069 868 casibus
1087 799 1298 892 sequentium

26 908 29 932 ¹
131 917 324 992 temporum
340 891 480 969 clarius?
506 894 638 965 Nonne
652 896 725 992 Syri
740 894 776 965 ὅ(
792 894 1008 990 Ephr'a'imite
1024 895 1081 965 illo
1091 918 1243 991 tempore
1252 922 1300 967 ae-

130 993 198 1089 que
211 995 393 1090 potuillent
405 995 571 1090 Regnum
585 993 684 1086 Judae
698 993 908 1081 exscindere,
934 993 968 1062 &
977 992 1119 1085 Familie
1128 993 1299 1090 Davidice

127 1091 244 1190 Reges
265 1093 435 1191 dignitate
454 1093 509 1165 sual
522 1092 680 1188 spoliare,
711 1115 751 1164 ac
767 1091 883 1189 posteri
896 1091 930 1163 id
945 1111 1087 1188 egerunt
1100 1092 1299 1188 Babylonii,

126 1189 439 1289 salvfipromiffione
447 1190 576 1265 Meffiae
584 1191 643 1263 suo
650 1210 804 1287 tempore
811 1186 1010 1263 suscitandi?
1025 1191 1297 1283 Superelleenim

126 1309 260 1384 poterat
273 1289 400 1361 familia
414 1288 600 1377 Davidica,
626 1288 757 1360 etiamsi
773 1313 842 1360 non
857 1308 1022 1386 regnaret.
1046 1286 1220 1385 Occupari
1234 1313 1296 1383 po·
1340 1377 1344 1384 ἢ

126 1406 213 1459 terat
227 1389 392 1484 Regnum
407 1388 528 1480 judaee
542 1385 586 1456 ab
601 1386 773 1473 hostibus,
798 1386 834 1457 &
844 1387 990 1458 exscindi
1000 1391 1100 1457 etiam
1109 1385 1295 1484 Respubli-

126 1508 167 1557 ca
181 1486 224 1556 ad
235 1485 372 1578 aliquod
380 1504 535 1576 tempus,
559 1483 953 1554 salvisOraculisVatum
964 1485 1007 1556 de
1016 1484 1133 1556 hlellia
1141 1485 1199 1557 suo
1208 1505 1296 1558 tem·

125 1605 210 1677 pore
223 1583 410 1674 prodituro.
436 1580 524 1649 Non
538 1579 652 1672 potuit
668 1581 771 1675 igitur
784 1578 852 1649 hoc
866 1579 998 1675 signum
1008 1585 1160 1678 Virginis
1168 1585 1294 1676 paritu-

125 1703 173 1751 rae
188 1676 345 1749 Mediam
360 1677 537 1748 Achazum
553 1674 589 1745 ὃ(
601 1675 766 1767 Judaeos,
799 1677 981 1748 secundum
996 1678 1083 1747 hanc
1096 1682 1295 1772 interpreta-

126 1779 276 1864 tionem,
302 1777 335 1845 in
343 1772 645 1870 praesentiillocasu
653 1774 827 1846 consolari.
852 1773 974 1862 Addo,
989 1773 1118 1845 nullum
1130 1775 1294 1847 indicium

125 1872 227 1963 hujus
241 1872 348 1944 sensus
362 1872 426 1944 effe
438 1874 474 1943 in
487 1871 596 1943 verbis
609 1870 762 1944 Oraculi.
787 1873 822 1943 Si
838 1873 929 1942 enim
946 1872 979 1944 id
989 1873 1292 1968 quodlnterpretes

124 1971 173 2042 illi
187 1971 349 2064 cupiunt,
375 1968 563 2042 intendillet
578 1970 768 2066 Propheta:
793 1969 884 2042 haud
898 1969 1159 2059 dubiedixillet,
1183 1978 1294 2071 Wrgi-

122 2095 210 2157 nem,
235 2067 390 2140 Dnvuns
403 2092 529 2142 smum
543 2093 793 2157 rnoennrnm,
818 2070 971 2140 edituram
983 2071 1033 2160 effe
1065 2079 1292 2142 artumlmma-
1338 2076 1342 2085 '

122 2171 252 2236 nudem.
275 2168 371 2240 Tota
384 2169 475 2238 euim
490 2170 541 2239 vis
554 2165 695 2239 Oraculi
710 2187 784 2239 tum
800 2170 868 2238 hon
878 2165 963 2239 adei)
972 2093 1293 2258 inidiecumberet,

122 2287 165 2335 an
179 2270 295 2363 Virgo,
320 2265 375 2339 sed
388 2286 432 2336 an
447 2272 542 2362 Virgo
557 2271 695 2338 Familia
709 2269 831 2359 Jeffaeae,
857 2265 914 2337 suo
923 2285 1076 2361 tempore
1083 2267 1201 2338 datura
1208 2267 1292 2342 effet

53 2438 60 2448 ,
121 2361 379 2435 Immanuelem.
405 2363 471 2435 Sed
487 2366 525 2434 eri
539 2363 581 2435 de
595 2388 631 2435 re
645 2364 730 2435 nihil
744 2385 836 2436 extat
850 2366 886 2434 in
899 2362 1062 2436 Oraculo.

172 2459 294 2535 VIII.
319 2460 375 2531 Cl.
390 2460 579 2552 Cocceius,
604 2462 662 2556 qui
676 2461 831 2532 multaad
839 2463 930 2532 hunc
938 2460 1051 2532 locum
1061 2460 1293 2536 illustrandum

124 2552 162 2625 δί
176 2555 419 2628 vindicandum
433 2554 523 2627 recle
539 2556 574 2626 ὅ(
589 2556 721 2628 erudite
734 2558 901 2652 protulit,
933 2559 1020 2628 inter
1033 2558 1121 2643 alia,
1145 2559 1185 2629 ad
1201 2559 1291 2631 diffi-

123 2650 629 2725 cultatemhancremovendam
638 2653 812 2743 facientia,
837 2654 987 2725 haecduo
996 2655 1155 2741 adduxit,
1180 2656 1294 2728 nostrh

123 2748 413 2821 animadverfione
425 2751 549 2846 digna,
574 2781 606 2822 a.
621 2759 674 2821 Ex
681 2756 766 2849 figito
780 2752 889 2846 Christi
896 2760 975 2823 exV
972 2757 1069 2847 irgine
1075 2751 1217 2841 nascitura⁸
1223 2751 1292 2824 hoc

122 2847 240 2920 saltem
254 2845 418 2952 apodidice*
432 2848 592 2944 colligere
606 2849 751 2944 pot‘uill'e
765 2848 942 2920 Achazum
952 2847 1148 2941 &Judaeos,
1173 2855 1296 2919 interim

123 2973 185 3017 non
216 2949 267 3038 offe
281 2955 419 3045 Regnum
433 2966 482 3019 (Γ
498 2945 723 3048 Rtntpnblicam
736 2942 942 3039 Judaicami
958 2953 1024 3017 Deo
1038 2943 1235 3034 abalienari,
1261 2971 1294 3020 ut

124 3073 180 3117 con
202 3056 316 3117 nnana
327 3053 396 3117 Rex
404 3049 532 3116 Gentilir
541 3048 773 3138 Hierosolymis,
798 3044 1300 3143 quicarimoniaasacrasaboleret„

127 3159 176 3215 (ν’
196 3146 348 3238 efficeret,
378 3167 411 3214 ut
426 3148 558 3245 Populus
570 3144 822 3239 Judaicusſseret
835 3145 927 3233 instar
939 3148 1126 3239 reliquarum
1141 3150 1295 3216 Gentium.

128 3242 164 3325 β.
180 3241 322 3337 Signum
338 3239 468 3315 Melliae
483 3266 525 3314 ex
542 3244 689 3338 Virgine
703 3243 821 3315 orituri
837 3243 924 3313 inter
937 3240 1000 3312 alia
1017 3240 1071 3312 vel
1086 3241 1297 3314 maximem-

128 3337 516 3413 serviiffeconfirmandae
524 3339 569 3411 illi
581 3340 956 3436 Prophetiaesuperioris
964 3341 1072 3436 parti,
1093 3339 1297 3435 quhdidlum

130 3454 221 3524 erat,
244 3440 431 3530 Damascum
444 3437 729 3540 forecaputSyria,
754 3437 846 3520 illu.
871 3437 1013 3526 hocest,
1038 3438 1219 3509 secundum
1229 3439 1298 3510 Ce-
1330 3458 1335 3464 ·

131 3531 301 3607 leberrimi
318 3536 393 3608 Viri
407 3557 576 3624 mentem,
600 3539 746 3630 Jadaam
759 3559 946 3608 antennam
961 3537 1109 3624 Christum
1121 3564 1160 3605 ex
1169 3543 1298 3635 Virgim

133 3659 192 3702 non
198 3633 271 3724 fare
278 3632 441 3735 sasbjetlam
455 3637 626 3730 Damasco,
651 3635 720 3709 slve
734 3643 832 3739 Syria
857 3635 1009 3739 Eventus
1018 3635 1109 3705 enim
1117 3634 1151 3705 id
1160 3634 1299 3707 illustra·

134 3732 206 3802 vit:
232 3733 360 3827 quippe
373 3757 417 3803 ex
431 3732 566 3805 historia
579 3734 730 3824 constat,
756 3731 831 3829 post
846 3753 963 3806 natum
978 3728 1116 3804 demum
1124 3731 1303 3804 Christum·

133 3830 281 3922 Judaam
296 3836 383 3933 Syria
397 3831 575 3925 accensam,
607 3849 654 3904 (γ’
662 3832 825 3935 fiibjeilam
839 3839 920 3938 esse,
945 3831 1113 3904 Archelao
1128 3833 1305 3908 Viennam

133 3927 308 4026 relegato,
332 3925 369 4002 ὃ(
378 3925 401 4024 J
403 3925 500 4002 udal
510 3929 547 4003 iu
558 3926 703 4007 formam
717 3931 911 4010 Provinciae
923 3928 1071 4009 redadh..
1096 3932 1303 4098 Qandopiai-

1255 4051 1317 4098 m,

1164 4152 1194 4207 Θ
