3456 4718
157 380 271 457 ct».
295 375 342 453 V.
403 412 406 419 ·
462 377 682 483 Exponitur
698 392 817 478 atque
836 365 1058 453 illustratur.
1277 376 1326 471 63

156 516 275 583 nomino
287 512 351 579 Dei
364 530 541 601 nuncupata
555 506 591 578 &
607 508 642 578 in
657 511 823 578 Civitatem
839 510 946 607 Populi
961 510 1025 576 Dei
1039 502 1211 599 religionis
1225 506 1339 581 caussa

156 606 356 699 adscriptae,
387 627 428 679 ut
452 602 547 700 etque
568 628 608 677 ac
630 603 785 677 Istaelltae
806 608 884 675 Filii
899 600 935 671 ὅ(
951 605 1084 704 Populus
1098 607 1161 672 Dei
1175 604 1336 697 appellati

155 725 377 777 mererentur.
408 703 610 792 Kimchius,
642 702 710 774 hoe
731 699 865 798 fugiens
887 698 1102 796 mysterium,
1134 697 1236 770 verba
1250 701 1335 773 Pro·

152 800 271 897 phetae
291 800 459 871 existimat
480 799 545 870 elle
571 798 788 895 transposita,
821 795 856 867 ἃ
872 795 940 867 hoc
955 797 1059 867 modo
1073 795 1141 892 legi
1156 797 1267 891 polle:
1294 807 1334 872 Ut

152 901 201 967 illi
217 898 307 997 sstper
327 896 431 993 quiite
450 919 651 997 nuncupatum
674 897 714 991 est
737 921 844 965 nomen
856 920 974 984 meum,
1003 895 1169 996 poffideant
1183 898 1330 992 reliquias

151 996 266 1066 Edomi
281 1009 329 1065 (θ’
343 1021 442 1064 omnes
456 1001 575 1064 Gentes.
601 992 668 1065 Sed
683 989 800 1064 coalia
817 989 1002 1081 estoratio,
1027 982 1126 1062 lihoc
1135 992 1238 1063 modo
1247 1016 1330 1063 con·
1568 1078 1575 1085 ἱ

152 1090 306 1165 limatur.
333 1095 426 1166 Vera
440 1090 602 1163 sententia
616 1089 683 1161 loci
699 1090 767 1178 est,
794 1095 905 1185 Gentes
917 1091 1258 1191 amplexmseffeprius
1268 1098 1329 1161 Re·
1475 1150 1480 1157 .

149 1191 295 1287 ligionem
307 1190 501 1283 Judaicam,
525 1185 616 1287 quim
629 1184 648 1257 i
663 1190 786 1282 Judaeis
793 1186 1015 1286 poffideantur3
1041 1184 1227 1280 &quidem
1238 1194 1327 1257 Gen·

148 1306 194 1357 tes
206 1314 326 1375 omnes,
349 1286 533 1359 secundum
549 1286 699 1358 Oracula
714 1285 845 1378 antiqui
862 1285 1035 1378 temporis.
1075 1283 1198 1374 Polleffio
1217 1287 1325 1381 igitur

148 1380 219 1477 bec
232 1384 312 1456 effer
320 1385 516 1486 spiritualis,
533 1384 659 1480 quippe
674 1381 769 1475 cujus
779 1379 835 1474 jus
850 1403 891 1451 ex
907 1382 1149 1453 communione
1163 1380 1325 1478 Religio-

148 1481 200 1553 nis
224 1482 423 1555 nasceretur.
454 1479 682 1552 Observantes
708 1479 821 1572 itaque
834 1477 937 1572 Judei
953 1478 1189 1552 excellentiam
1221 1478 1322 1574 hujus

173 1580 352 1674 rophetie,
377 1579 449 1671 spes
464 1577 534 1646 suas
548 1571 710 1645 differunt
727 1576 762 1643 in
778 1571 952 1646 novillima
965 1577 1021 1648 illa
1036 1598 1210 1673 tempora,
1246 1579 1322 1673 qui·

145 1598 209 1753 bus
225 1676 273 1747 illi
288 1671 443 1747 Meffiam
459 1673 553 1743 suum
568 1668 770 1764 expellant,
802 1667 838 1737 &
860 1674 1044 1765 temporale
1059 1673 1119 1746 fibi
1135 1675 1170 1743 in
1187 1673 1321 1746 Gentes

145 1773 355 1869 promittunt
370 1769 561 1864 imperium.
592 1766 660 1838 Sed
674 1764 734 1838 ubi
748 1788 839 1837 nunc
853 1764 927 1837 sunt
943 1768 1098 1863 idumei,
1129 1768 1319 1859 Moabitae,

144 1870 378 1954 Ammonitae,
410 1866 612 1953 Phoenices,
644 1886 729 1961 quos
755 1864 818 1936 hic
834 1866 1012 1960 prophetia
1027 1867 1193 1959 imprimis
1208 1865 1320 1964 defig-

143 1968 217 2043 nari
234 1965 296 2061 ipss
310 1960 523 2038 existimant?
547 1962 703 2034 Emntne
718 1963 765 2033 illi
781 1960 995 2035 resuscitandi
1012 1964 1139 2036 ultimis
1154 1962 1217 2034 illis
1232 1980 1319 2037 tent-

143 2062 304 2161 poribus,
328 2085 367 2136 ut
380 2060 540 2153 itJudaeis
553 2056 798 2156 pollideantur?
823 2060 890 2134 Vel
903 2085 946 2133 an
963 2064 1087 2161 Peffeffio
1102 2086 1185 2132 terra
1195 2065 1320 2132 illarum

143 2166 306 2247 Gentium,
339 2160 431 2257 quod
453 2159 522 2231 huc
535 2158 710 2249 adferunt,
742 2160 863 2254 (quim
878 2157 960 2233 verb
975 2186 1025 2234 res
1040 2184 1142 2259 parva
1155 2158 1192 2231 &
1207 2159 1319 2235 viliffi·

142 2281 213 2335 tnae
234 2253 322 2355 spei?
335 2259 348 2343 )
386 2259 452 2329 erit
472 2260 603 2357 opscurum
623 2263 746 2328 illarum
773 2264 914 2329 Gentium
929 2261 1055 2355 Poffeffio
1069 2284 1147 2357 quae
1164 2258 1221 2330 hic
1237 2281 1316 2355 pro·

142 2353 312 2429 mittitur?
334 2356 434 2452 Quin
447 2355 525 2426 sane
538 2377 619 2426 cum
635 2356 804 2450 Propheta
819 2356 906 2429 hanc
921 2361 1109 2431 orationem
1123 2357 1315 2430 consolato·

141 2452 227 2529 tiam
248 2451 364 2526 exerte
387 2450 568 2550 subjungat
589 2450 853 2550 graviffimarum
875 2456 1103 2529 calamitatum
1118 2456 1315 2527 intermina·

141 2549 313 2640 tionibus,
345 2548 466 2648 quibus
486 2551 597 2644 Judaei
619 2550 884 2648 defungerentur
906 2555 940 2624 in
957 2555 1076 2628 Exiliis
1090 2553 1260 2651 Allyriaco
1276 2553 1313 2625 δι

140 2646 370 2747 Babylonico:
397 2648 490 2720 estne
506 2646 699 2745 probabile,
730 2649 957 2747 Prophetam,
982 2651 1112 2749 prorsus
1126 2649 1314 2724 intermissi

141 2750 320 2821 mentione
340 2770 449 2818 rerum
474 2747 550 2841 post
573 2745 719 2817 reditum
734 2748 931 2838 Judaeorum
955 2776 998 2823 ex
1019 2749 1136 2821 Exilio
1148 2746 1314 2845 gerenda-

141 2868 236 2937 rum,
261 2867 390 2942 magno
403 2841 489 2916 adeb
503 2843 682 2915 commillo
696 2845 798 2934 saltu,
822 2847 914 2919 suam
923 2850 1157 2923 transsaturum
1166 2844 1314 2917 elleom-

131 2944 271 3033 ,tionem
286 2946 329 3015 ad
343 2963 492 3015 extrema
505 2942 561 3013 tila
576 2943 704 3014 Mundi
719 2963 893 3041 tempora,
918 2946 1153 3045 inquaeJudaei
1161 2944 1233 3038 spes
1241 2940 1313 3012 suas

141 3039 351 3117 extendum?
375 3040 471 3135 Quid
486 3041 591 3137 igitur
604 3039 687 3112 illud
702 3041 849 3137 estquod
858 3046 925 3129 ait3
949 3074 1034 3122 nm
1046 3072 1119 3121 nrt
1133 3042 1312 3130 lutoom,

96 3220 98 3225 ,
143 3136 398 3231 fivecircaaut,
440 3139 479 3223 oll
493 3140 569 3208 illud
582 3135 718 3239 tempus?
743 3142 860 3235 Quare
873 3140 1115 3213 veldicendum
1124 3141 1192 3227 est,
1216 3136 1311 3209 fefel-

142 3236 214 3311 line
228 3239 326 3336 hujus
342 3162 563 3335 pretlielionis
577 3238 854 3333 implementum:
881 3239 972 3336 quod
982 3238 1121 3310 horrent
1129 3239 1241 3309 dicere
1249 3236 1309 3330 qui

140 3332 299 3411 Verbum
313 3337 383 3408 Dei
396 3354 604 3409 reverentur:
630 3335 684 3407 vel
700 3336 898 3433 explicanda
912 3336 960 3407 est
973 3336 1157 3433 Prophetia
1170 3334 1311 3405 deciri·

131 3434 183 3531 fle
197 3437 292 3527 Jefit,
316 3436 451 3531 ejusque
465 3443 565 3533 Regno
574 3437 745 3535 spirituali,
769 3435 894 3507 Daoidi
907 3434 989 3506 olim
1005 3433 1183 3531 promillo,
1206 3432 1308 3502 incu-

135 3530 197 3631 jus
210 3534 454 3603 communione
465 3533 576 3625 Judaei
590 3531 795 3621 CredenteS,
819 3560 925 3603 uerum
938 3531 1211 3625 Abrahaesemen,
1242 3556 1311 3598 om·

96 3630 107 3673 ²·
139 3655 196 3701 nes
209 3633 339 3716 Gentes,
363 3629 407 3700 de
419 3632 558 3700 nomine
572 3629 642 3700 Dei
655 3630 884 3725 appellandas,
915 3630 1121 3726 hereditario
1135 3628 1206 3700 ‘ure
1219 3628 1311 3698 modo

107 3784 112 3815 ι.
130 3727 296 3827 spirituali
311 3726 520 3821 poffiderent.
547 3728 588 3797 ln
601 3751 666 3822 qua
680 3730 960 3823 interpretatione
974 3752 1035 3799 nos
1042 3652 1206 3815 nontilli,
1229 3749 1308 3797 cer-

140 3818 186 3901 τὸ
200 3819 297 3891 nobis
309 3825 441 3895 constat
455 3849 498 3894 ex
511 3823 677 3897 Oratione
690 3848 791 3919 quam
804 3826 951 3921 jacobus
960 3824 1159 3922 Apostolus,
1183 3824 1310 3895 Domi·

96 3922 114 4013 5?
143 3915 313 4010 nifrater,
338 3919 455 3993 habuit
469 3923 505 3992 in
518 3922 703 3994 Conventu
716 3924 1044 4025 Hierosolymitano,
1067 3922 1162 4023 cujus
1170 3924 1309 3997 historia

145 4015 343 4097 ¹stttnsentata
354 4020 403 4095 est
415 4022 454 4095 iu
467 4017 577 4097 Aeta
607 4019 807 4121 lpfiffimum
821 4026 914 4099 euim
926 4023 995 4098 hoc
1007 4023 1160 4101 nostrum
1173 4020 1309 4134 Vatici-

152 4180 160 4201 μ
1212 4137 1311 4192 mum
