3456 4718
192 286 302 371 Cir.
324 284 429 366 XVI.
473 279 668 369 lsraiilitis
687 288 729 364 in
738 279 896 367 Arabia
914 280 1164 395 praelucetttis.
1280 311 1359 389 203

194 425 409 520 nem-summe
421 428 486 496 Dei
496 429 698 524 precellentis
711 446 781 520 prae
796 423 954 498 omnibus
969 420 1068 513 aliis,
1100 438 1271 592 quotqpot
1284 422 1361 498 sunt

193 524 232 597 in
251 525 409 617 mundo,
439 520 548 596 rebus.
578 527 656 596 coli
675 545 821 595 enarrant
838 534 967 598 brents
989 520 1173 594 Gnonmm
1224 546 1258 594 nt
1273 546 1361 597 ron·
1389 533 1513 590 tcum.

193 643 261 699 tts.

242 720 362 799 XVI.
409 750 443 815 γ.
465 742 508 791 mr
520 719 615 794 lours
629 717 678 792 est
692 719 862 815 speciatim
873 714 1072 817 Symbolum
1080 716 1249 814 quoddam
1259 716 1361 792 Divi-

195 818 251 892 ἡκ
265 823 436 892 Saeniiiraetit
450 817 486 892 ὅ(
500 822 649 917 Justitiae,
673 821 739 915 qui
752 820 894 890 crimina
908 815 943 886 &
960 814 1081 888 delida
1095 817 1274 891 hominum
1284 843 1362 915 pro·

195 916 344 1014 sequitur
366 914 403 988 &
427 920 463 989 in
485 920 524 991 iis
538 942 599 1015 per
612 915 933 990 animadversionem
948 937 1063 1010 poenae
1078 912 1261 1010 glorificari
1277 917 1362 989 vult.

194 1021 280 1111 Ignis
300 1038 425 1114 nempe
439 1017 475 1088 in
490 1015 584 1089 Nube
597 1016 735 1089 rutilans
749 1013 893 1110 speciem
908 1013 1057 1108 praetulit
1070 1020 1151 1111 Ignis
1166 1016 1363 1108 confirmentr'r.

194 1111 253 1183 Sic
273 1112 344 1210 ipse
363 1111 481 1186 Moses
502 1115 546 1187 de
567 1114 646 1188 Deo
661 1114 693 1188 se
708 1111 941 1184 manifestante
954 1113 990 1182 in
1003 1111 1148 1182 Horeb:
1182 1119 1224 1182 Er
1237 1114 1362 1209 asperius
1390 1125 1538 1180 utrumn

194 1207 359 1284 Gtonun
372 1211 515 1286 Douuru
529 1214 695 1288 mineum
707 1211 1179 1304 instarlourscousuucurts,
1203 1212 1361 1310 infastigio
1377 1201 1417 1249 ¹⁷·

122 1317 124 1321 '
193 1313 311 1381 monet.
336 1309 459 1407 Ignem
474 1305 818 1382 vcroconsumentem
826 1305 1138 1380 emblemaesseDei
1146 1307 1283 1406 Legum
1292 1308 1363 1382 sua·

193 1427 271 1479 rum
285 1405 572 1505 transgressionem
582 1399 672 1496 juste
687 1406 906 1492 vindicantis,
930 1405 1036 1502 liquet
1049 1428 1092 1477 cx
1107 1405 1364 1480 multisnotabi·

194 1501 285 1576 libus
298 1505 333 1577 S.
349 1505 535 1600 Scripturae
548 1497 766 1592 testimoniis,
791 1500 962 1598 inquibus
976 1509 1062 1574 Deus
1075 1526 1154 1575 cum
1163 1502 1311 1597 respeetu
1320 1505 1362 1578 ad

197 1601 362 1673 vindicias
376 1601 442 1674 suae
457 1601 576 1698 gloriae
590 1621 651 1693 per
665 1621 805 1694 poenam
822 1600 1107 1698 demnsgressbre
1116 1601 1253 1699 Legum
1263 1601 1362 1697 ipsius

197 1696 415 1788 sumendam,
436 1706 459 1769 1
496 1704 520 1768 ir
539 1695 708 1789 consumens
719 1696 854 1772 dicitur.
901 1697 1110 1793 Exemplum
1118 1702 1363 1794 rursuspetoex

196 1794 273 1893 ipso
288 1797 416 1886 Mose,
448 1726 609 1869 ffmilitas
624 1793 688 1867 hac
701 1795 745 1867 de
759 1821 795 1870 re
809 1795 973 1868 edocente
988 1820 997 1866 :
1029 1802 1122 1868 Nam
1136 1797 1265 1892 Jehova
1279 1803 1362 1870 Deus
1377 1811 1444 1860 uene
1456 1824 1491 1862 tr·
1503 1827 1548 1872 24·

195 1914 266 1964 tuus
279 1916 344 1966 erm
356 1899 452 1969 erim
462 1923 504 1971 rr
516 1895 554 1991 est
568 1894 663 1968 sorus
679 1917 905 1968 consummes:
930 1900 1013 1967 Deus
1027 1899 1152 1970 cesores.
1179 1894 1301 1967 Paulus
1314 1897 1361 1971 A·
1374 1870 1421 1992 if·
1428 1888 1533 1992 ,}f¹¹¹¹‘

196 1990 350 2088 postolus
364 1989 400 2060 in
414 1995 559 2065 eundem
574 1990 704 2067 sensum
720 2020 729 2066 t
754 2004 814 2067 Καὶ
827 1993 893 2091 γαὶς
908 1999 924 2065 t‘
940 1992 1013 2070 Θεδς
1026 2000 1107 2088 ἡμῶν
1120 2003 1179 2086 πῦρ
1193 2003 1362 2069 ruvereus·
1376 1997 1438 2051 fl‘b·
1448 2012 1546 2061 *Μ’

194 2120 274 2165 mr.
298 2087 419 2161 Homo
431 2093 491 2186 qui
506 2090 621 2165 Deum
635 2090 1207 2191 sceleribussuisgravitetoffendit,
1231 2095 1362 2167 neche-

194 2187 257 2265 bet
295 2212 341 2262 uo
355 2185 424 2260 Dei
436 2190 519 2263 itam
534 2191 645 2289 placet
659 2191 700 2262 ad
716 2191 937 2290 reparandum
952 2190 1117 2265 honorem
1131 2190 1199 2265 Dei
1214 2214 1361 2289 perpec-

191 2215 421 2377 caraiaesum,
445 2289 602 2386 estinflar
614 2291 874 2386 mareriaerrflilis,
898 2312 968 2387 que
982 2289 1362 2391 sustinerenequitignis

191 2386 405 2483 praesentiam
433 2384 471 2456 &
497 2389 777 2482 proximitatem:
812 2386 908 2460 Deus
927 2406 1069 2479 autem,
1100 2389 1128 2460 st
1152 2388 1186 2459 lo
1206 2390 1362 2486 Scriptu-

194 2506 271 2572 tae,
301 2482 417 2551 bomini
437 2481 468 2553 se
488 2485 613 2556 dicitur
633 2485 822 2575 adrutum,
852 2484 988 2580 quando
1008 2505 1047 2557 ut
1068 2413 1181 2577 Juriix
1199 2486 1307 2580 justus
1322 2490 1358 2561 in

194 2578 321 2653 statum
336 2578 373 2649 &
388 2575 476 2649 freta
484 2580 556 2675 ejus
570 2582 708 2677 inquirit
720 2630 734 2672 ,
758 2583 897 2679 propius
911 2581 1030 2654 eadem
1044 2583 1243 2680 cogniturus
1257 2581 1293 2654 &
1308 2585 1360 2656 in·

194 2674 377 2775 speeturus.
401 2677 510 2768 Quod
524 2677 583 2752 ubi
599 2678 659 2753 fit:
684 2699 798 2774 pereat
812 2679 943 2753 necesse
957 2680 1007 2754 est
1021 2703 1122 2778 quem
1136 2679 1359 2777 deprehendit

194 2777 502 2873 impoenitentem,
534 2777 645 2874 spreto
667 2778 817 2850 remedio
830 2778 959 2877 grntiae.
991 2777 1088 2853 Deus
1102 2778 1194 2851 enim
1208 2777 1359 2854 intensis·

196 2874 285 2949 fimo
306 2874 381 2947 zelo
400 2874 608 2974 persequitur
627 2875 770 2975 gloriam
792 2876 896 2951 suam.
943 2880 1036 2975 Quae
1055 2901 1137 2950 cum
1157 2875 1234 2950 laesa
1254 2874 1295 2949 fit
1315 2877 1359 2953 ab

192 2973 337 3051 homine
351 2997 413 3072 pet
424 2974 638 3047 commissum
652 2975 781 3048 crimen
796 3000 805 3046 :
838 2978 913 3050 vult
927 2977 1015 3049 illius
1030 2976 1203 3050 vindicias.
1235 2976 1360 3053 Vindi-

192 3076 264 3148 cits
278 3093 392 3149 autern
406 3071 566 3172 consequi
581 3098 649 3147 non
663 3075 776 3171 potest
789 3074 833 3147 ab
847 3072 1161 3174 impoenitentibus,
1186 3075 1244 3172 qui
1259 3072 1362 3149 Chri·
1473 3134 1476 3139 .

195 3172 286 3245 stum
300 3192 339 3247 ut
352 3170 482 3269 surrepit
496 3182 547 3254 eir
559 3179 716 3271 ὁμιςτίας
724 3176 902 3274 ignorant,
927 3174 987 3247 nist
996 3197 1056 3272 per
1063 3197 1222 3271 poenam,
1246 3173 1290 3246 de
1297 3173 1360 3249 illis

195 3268 401 3345 sumendam.
426 3270 481 3343 Ad
496 3274 705 3368 puniendum
718 3275 811 3346 enim
827 3299 907 3346 cum
922 3273 1000 3346 Deo
1015 3275 1199 3371 nonmagis
1206 3271 1289 3345 defit
1298 3298 1361 3371 po·

196 3370 303 3441 tentia
316 3394 416 3466 quam
432 3369 608 3458 voluntas3
635 3371 676 3445 fit
691 3374 922 3468 impoenitenti
938 3372 1051 3443 &non
1058 3370 1209 3444 credenti
1218 3373 1252 3441 in
1259 3370 1361 3446 Chri·

197 3465 287 3540 stum
302 3474 383 3565 ignit
397 3471 575 3561 consumens.
600 3471 719 3543 Paucis
734 3470 865 3557 dic'am3
891 3471 982 3566 quod
998 3476 1125 3568 Igneum
1139 3467 1362 3543 filitinNube

195 3563 411 3637 adumbravit
424 3573 542 3656 Deum,
567 3592 711 3664 quatenus
724 3574 757 3638 in
771 3572 829 3671 ipso
843 3573 1040 3667 intelligimur
1053 3569 1362 3663 ineffeirrtenfiffimam

197 3668 386 3735 voluntatem
399 3667 581 3736 vindicandi
590 3672 727 3766 gloriam
737 3668 847 3761 fitam,
872 3664 891 3737 i
906 3673 1050 3738 creaturis
1064 3667 1294 3762 inreliigcntisw
1312 3673 1363 3739 le-

189 3765 271 3861 firm.
296 3760 335 3832 Id
351 3759 457 3855 ipsum
472 3786 607 3858 quoque
621 3771 702 3863 lgnir
718 3768 753 3835 in
768 3766 863 3838 altari
877 3761 1140 3852 conservandus,
1166 3764 1220 3835 vel
1228 3765 1361 3861 quibus·

195 3861 277 3933 dam
294 3859 423 3932 casibus
437 3859 480 3929 de
493 3860 584 3932 coelo
599 3862 773 3950 demissus,
799 3861 1014 3960 significavit.
1040 3859 1123 3931 Nec
1136 3860 1203 3933 alio
1218 3864 1362 3935 reseren-

195 3956 281 4035 dum
294 3956 429 4035 vfletut
442 3957 535 4058 quod
543 3959 698 4050 Bacrhm,
721 3958 1362 4131 qqiGentibusveniebatnominelgni·

783 4079 849 4130 cz
1244 4064 1361 4152 riDri,
