3456 4718
206 289 314 365 Cer.
338 282 438 363 VII.
493 284 725 364 Burcana
753 294 1107 360 ercomenon.
1299 241 1376 380 ωςΙ

205 442 280 491 rurn
300 420 468 491 contraria
481 411 682 490 obtinebant
695 414 730 485 in
744 418 1073 485 Excommunicaeione.
1104 408 1156 484 Ur
1171 412 1261 488 enim
1277 413 1376 489 nobis

203 515 273 593 hoc
286 537 443 612 ternpore
455 516 724 588 Exeommunicaera‘
736 510 863 582 dicitur
876 511 934 605 qui
943 535 985 583 ex
994 510 1131 606 publica
1139 512 1294 609 Ecclesre
1303 513 1374 587 sen·

204 617 314 689 tentia
333 615 375 687 ad
391 613 546 688 Mensam
561 610 705 683 Domini
719 632 789 680 non
803 608 1018 683 admittitur:
1052 607 1098 683 fic
1113 609 1258 683 omnino
1273 613 1373 685 latior

204 710 311 810 longe
323 710 359 783 &
373 711 519 811 amplior
532 730 602 783 erat
611 710 770 781 turnusus
778 706 878 803 hujus
886 708 1000 796 vocis,
1025 725 1098 780 turn
1106 707 1207 805 ipsrus
1215 709 1314 805 hujus
1322 711 1371 782 rei

203 810 438 908 interpretatio
451 809 542 906 apud
557 813 712 884 Veteres.
736 804 844 902 Qrod
852 829 932 877 curn
940 804 1020 878 alibi
1028 806 1368 904 quoqueinobistra·
1398 829 1553 905 ocem

201 907 312 980 ditum
326 906 374 981 est
389 935 399 981 ε
430 927 506 981 turn
520 904 604 980 verb
618 907 709 978 idem
723 905 780 976 ille
794 904 859 977 Vir
873 902 1007 975 Dubius
1021 954 1034 995 ,
1058 907 1154 1002 cujus
1168 906 1274 979 modo
1287 930 1366 980 cunr
1382 893 1552 1012 ἶξξξξξΜζ

201 1004 331 1078 honore
344 1009 554 1079 mentionem
562 1002 813 1103 injiciebamus,
837 998 1124 1076 diserteinculcat.
1148 1011 1276 1102 Atque,
1299 1008 1368 1099 ait,
1398 1014 1453 1069 dl·
1490 972 1524 1030 ’θ

198 1126 233 1175 ur
245 1107 315 1198 Jus
327 1108 410 1177 illud
422 1109 645 1178 communionis
650 1106 742 1199 firum
748 1125 816 1173 erae
828 1124 868 1174 ru
883 1125 1032 1174 ouuruir
1045 1126 1176 1176 annun
1190 1126 1370 1178 nunnun-

199 1226 282 1276 nun
304 1226 351 1275 rer
367 1226 580 1277 nrvrurnun
595 1224 841 1274 rnarrcrrnru
856 1223 903 1271 ur
918 1223 1115 1287 socrurnrre
1131 1228 1140 1274 :
1173 1209 1220 1271 ita
1232 1209 1369 1273 Excom-

197 1308 418 1373 municaeeerum
430 1302 555 1395 diversa
568 1297 689 1380 omnini
702 1317 768 1369 erat
780 1298 922 1370 conditio.
946 1296 1132 1393 Nenfirliem
1144 1294 1163 1368 i
1174 1301 1268 1391 fiecris
1279 1327 1369 1373 ascen

197 1394 324 1485 dantum
342 1400 398 1492 sed
411 1406 505 1470 eriam
518 1391 933 1497 omneseosaspernabaneur‚
958 1393 1278 1488 omnesabhorrebant,
1302 1426 1367 1469 om·

197 1519 313 1567 nereos
326 1518 455 1599 urpurre
468 1492 635 1566 membrum
649 1508 698 1563 (γ’
712 1493 902 1585 resecandum
901 1491 1079 1590 firgiebem,
1103 1500 1368 1568 cumiaraeionem

198 1596 278 1661 inire
291 1613 344 1661 aut
358 1620 423 1663 rem
437 1595 538 1663 uliam
550 1590 726 1661 contrahere
738 1591 819 1682 np‘u
832 1611 916 1659 crau
942 1616 1026 1660 nemo
1040 1595 1289 1685 eorfielutatr'one,
1312 1620 1366 1664 ne·

197 1714 249 1760 mo
253 1688 370 1781 fratris
383 1693 586 1791 appellatione
598 1737 611 1779 ‚
634 1714 721 1758 nemo
733 1689 862 1785 aspAEu,
887 1711 972 1758 nemo
986 1692 1135 1787 alloquio,
1158 1716 1242 1760 nemo
1258 1696 1367 1760 convi-

196 1792 251 1857 vio
264 1814 312 1856 eos
325 1784 627 1888 dignesjudr'cabae,
650 1783 739 1857 camai
744 1785 935 1878 severitate,
959 1809 991 1857 ut
1003 1813 1041 1857 ne
1053 1788 1177 1883 quidem
1185 1810 1287 1889 preces
1297 1814 1366 1859 cum

196 1888 234 1954 iis
251 1881 395 1954 adhibere
411 1890 528 1957 licerer.
559 1881 667 1957 Certe
689 1882 764 1956 illos
785 1885 940 1955 omniurn
962 1885 1129 1956 sacrorum
1150 1882 1365 1959 secludebant

196 1983 424 2069 commerci03
450 1981 594 2079 proinde
607 1983 712 2055 etiarn
725 1980 804 2053 loco
818 1978 910 2076 ipso,
935 1981 970 2052 in
984 2004 1086 2078 quern
1101 1982 1267 2055 sacrorum
1275 1983 1364 2056 cele·

194 2076 399 2153 brendorum
413 2080 525 2155 caussi
538 2080 726 2153 Credentes
741 2076 1000 2152 conveniebant.
1024 2079 1131 2177 longe
1144 2082 1240 2153 aliter
1251 2104 1364 2153 acno·

194 2175 252 2250 stri
265 2179 427 2274 temporis
440 2179 685 2253 consuetudine
698 2176 940 2276 receptumest.
965 2175 1244 2278 Egoverbfacile*
1295 2181 1365 2253 tior

192 2273 445 2372 Aibaspinaeunr
465 2277 578 2352 frudiu
599 2277 701 2375 hujus
722 2276 790 2350 suae
803 2275 990 2374 diligentiae
1003 2277 1150 2374 gaudere
1166 2305 1175 2351 τ
1208 2299 1242 2350 et
1258 2304 1268 2349 r
1283 2276 1362 2350 sane

191 2372 287 2466 loca,
311 2398 390 2470 quae
404 2375 447 2447 ad
461 2375 666 2475 hypothesin
683 2373 773 2446 suarn
781 2373 1014 2445 adstruendam
1022 2375 1156 2464 attulit,
1179 2377 1295 2447 omnia
1301 2400 1364 2473 pe·

193 2468 306 2566 raequd
321 2474 358 2541 in
371 2472 446 2543 illos
463 2473 571 2547 sensus
586 2495 654 2542 non
662 2470 851 2542 admittam.
875 2471 969 2542 Mihi
977 2494 1068 2543 nunc
1077 2469 1265 2561 suffecerit,
1288 2473 1361 2567 pas·

194 2567 258 2642 sun
272 2591 342 2638 non
356 2590 400 2639 ne
424 2571 499 2658 ari,
529 2572 565 2640 in
579 2574 792 2641 communione
807 2569 921 2661 Mense
934 2574 1063 2640 Domini
1078 2568 1132 2639 edi
1147 2566 1360 2642 clariffimum

193 2664 391 2762 exemplum
455 2685 694 2765 argumentum
710 2666 1190 2758 Communionischrissianorum:
1216 2666 1361 2761 proinde

192 2764 206 2838 i
233 2764 299 2837 sam
314 2770 536 2836 communionis
549 2762 727 2837 notionem
741 2786 811 2835 non
825 2760 941 2861 inepte
954 2762 997 2834 ad
1011 2786 1085 2834 eam
1101 2762 1262 2862 peculiari
1275 2786 1362 2861 quo·

287 2861 380 2935 sensu
394 2861 572 2935 transferri.

243 2963 318 3037 XV
332 2962 359 3034 Ι.
384 2964 477 3058 Qrae
490 2985 569 3034 curn
585 2963 631 3034 ita
644 2959 806 3034 habeant:
832 2984 902 3035 non
917 2959 1052 3033 videtur
1065 2955 1360 3034 omninbrediede

191 3061 253 3135 usu
268 3061 302 3132 ὃ(
317 3060 420 3158 scopo
435 3060 631 3133 Dominicae
645 3060 770 3134 Coenae
784 3060 951 3156 disputare
965 3083 1110 3155 nuperus
1124 3066 1291 3130 Novarum
1301 3068 1361 3129 Co·
1474 3150 1478 3155 ⁵

188 3166 369 3256 giutierrum
382 3163 421 3232 de
435 3167 540 3231 Primo
555 3157 591 3230 ὅ(
605 3163 739 3231 Secundo
754 3164 905 3249 Adaemo,
930 3176 979 3231 (γ’
992 3160 1361 3249 Differrariom'sd'ecoenae

196 3260 351 3348 Domini,
381 3258 497 3331 iisdem
520 3255 705 3355 subjebiae‚
736 3255 877 3331 Audior.
915 3256 1054 3330 Nititur
1071 3253 1133 3327 illd
1146 3262 1362 3343 Disserraeione
1386 3280 1476 3345 rape.

198 3352 267 3429 Vir
286 3351 417 3429 Dostus
436 3358 631 3447 adstruere,
662 3355 837 3430 Christum
850 3354 963 3451 Jesum
977 3356 1013 3429 io
1027 3355 1233 3433 instituenda
1246 3354 1361 3428 Coena

198 3450 300 3524 Sacra
312 3452 403 3524 hunc
416 3456 555 3527 unicum
571 3453 632 3529 fibi
646 3454 824 3553 praefixiiie
837 3456 977 3550 scopum
991 3504 1005 3546 ,
1036 3472 1075 3526 ut
1089 3455 1207 3525 mortis
1221 3452 1258 3524 ὅ(
1271 3453 1363 3525 diro·

199 3572 275 3622 turn
292 3547 478 3643 παθημάτων
493 3552 592 3649 ipsrus
606 3556 769 3629 memoria
784 3555 818 3626 in
833 3553 983 3627 Ecclesra
996 3550 1228 3626 celebraretur.
1251 3551 1362 3624 neuti-

199 3670 302 3743 quam
316 3646 399 3718 vero
412 3664 452 3718 ut
465 3648 648 3725 Christiani
660 3653 729 3725 hoc
743 3651 895 3752 symbolo
903 3671 1139 3740 monerentur,
1157 3652 1363 3743 seunumcora

194 3770 272 3849 pus,
296 3744 393 3816 maleo*
406 3750 507 3815 minus
518 3750 635 3821 oiim»
648 3753 806 3850 quandam
810 3756 1063 3846 familiaritatem
1071 3752 1364 3846 &neceffirudinem

199 3872 269 3915 cum
281 3846 409 3942 reliquis
421 3844 549 3943 ejufiiem
560 3851 659 3940 mense
669 3847 848 3945 consortibus
864 3856 943 3921 inire
957 3865 1005 3919 (γ’
1014 3848 1170 3950 profiteri:
1196 3848 1294 3923 srmul
1307 3872 1362 3921 ro·

197 3941 540 4043 scuit-argumentum
551 3944 645 4045 quod
658 3970 722 4044 pro
734 3947 792 4023 iila
804 3944 968 4024 sententia
979 3945 1123 4045 produci
1128 3948 1212 4025 solet
1217 3954 1365 4121 ereplp'orlei
1375 3964 1403 4065 ὦ
1405 3952 1506 4074 ,⁰3³⁵

954 4100 966 4121 .
1297 4064 1338 4118 au
