3456 4718
197 278 307 366 CAP.
332 263 435 364 vill.
517 274 787 389 Post'i'e'mpus
806 278 1084 387 Maracitana,
1292 318 1370 396 343

197 412 334 494 tendam
349 409 1027 516 absquequibusdamTunrsnnunnrrs,
1052 415 1371 516 quibusa'ccuratius
1504 466 1510 480 =

195 518 425 593 definiatur&
441 515 638 612 prudentius
654 509 954 585 circumscribatur.

246 620 287 690 ll
301 618 327 689 1.
352 616 393 689 ld
407 616 492 688 mihi
508 636 599 685 nune
612 609 787 715 pracipud
801 609 1011 707 propositum
1027 612 1077 686 est
1090 613 1239 708 docere,
1264 620 1367 718 idque

196 714 410 803 hocordine,
434 712 674 801 Duofavente,
698 733 857 806 exequar.
881 711 1366 807 Primoprobaboevidentibus

195 813 435 900 documentis,
466 817 629 911 Scriptores
640 808 780 898 Judaeos
793 825 863 880 tarn
879 814 997 879 Grecos
1009 833 1111 907 quam
1126 812 1297 904 Hebrars,
1321 818 1367 890 de
1408 850 1414 859 ·

197 912 326 1011 Defeiia
347 911 506 1014 Prrphaaia
523 909 599 1005 post
614 907 818 981 Malachiam
831 906 1035 1002 loquentes,
1066 909 1113 982 sic
1126 911 1366 1011 intelligendos

197 1032 267 1081 non
281 1008 370 1098 esse,
406 1005 472 1080 acfi
489 1004 651 1080 Ecclesia
660 1005 813 1097 Judaicae
826 1003 901 1101 post
918 1013 1132 1078 Artaxerxem
1147 1010 1365 1111 quascunque

196 1106 401 1206 abnegarent
415 1112 628 1178 Reveimianer
642 1105 915 1176 Extraordinariar
929 1102 1068 1178 Divinae
1082 1107 1303 1200 Voluntatis,
1327 1109 1365 1184 δε

194 1204 285 1277 inter
298 1229 352 1278 eas
365 1208 461 1307 ipfiaa
473 1208 586 1275 danum
600 1203 778 1302 prophetia,
802 1198 1367 1296 quippeipsiilliAudioresinScri·

193 1305 261 1399 ptis
284 1303 347 1377 suis
361 1326 432 1373 non
446 1304 522 1374 rarb
536 1300 692 1373 disertam
706 1298 836 1370 faciunt
850 1301 1061 1372 mentionem
1078 1308 1269 1376 Divinarum
1283 1314 1366 1380 αἰπο-

191 1399 373 1489 menidam,
398 1420 580 1494 earumque
592 1402 825 1496 variigrarria,
849 1417 919 1491 que
934 1398 997 1494 piis
1010 1398 1219 1497 sequentium
1227 1403 1366 1478 saeculo·

192 1523 270 1573 rum
286 1495 481 1571 hominibus
489 1495 699 1592 obtigerunt.
724 1493 1364 1608 Deindisputaboargumemistumcerri

194 1617 269 1673 turn
278 1594 506 1700 probabilibus,
530 1592 681 1666 Oracula
695 1591 822 1679 Divina
829 1614 898 1663 non
905 1592 1061 1666 defecisse
1069 1599 1202 1692 penitus
1209 1600 1284 1696 post
1292 1610 1364 1673 Ar·

193 1688 376 1782 'aaxrraemr
398 1694 534 1789 quando
542 1690 846 1787 [imuldisquiram3
870 1692 1367 1792 quamfidemJosephuscaete·

193 1794 291 1890 rique
304 1793 491 1889 Scriptores
499 1791 634 1885 judaici
647 1789 692 1862 de
706 1790 976 1861 Exmaardiaariis
982 1791 1145 1889 ejusmodi
1155 1801 1367 1870 Revelatiaai·

194 1888 250 1963 ira
265 1890 367 1965 verba
379 1890 540 1964 facientes
548 1884 750 1962 mereantur.
774 1887 1269 1988 Posterrefolvamdifficralrares,
1293 1919 1367 1995 que
1401 1982 1405 1987 ,
1527 1914 1532 1923 “

193 1988 265 2063 five
278 2014 322 2063 ex
337 1997 406 2063 Scri
423 2013 494 2061 rma
509 1988 578 2065 five
589 1989 694 2059 alinde
708 1985 790 2059 huic
804 1984 983 2083 hypothefi
992 1989 1367 2089 cumspecieobjiciun-

193 2106 276 2174 tura
308 2014 490 2186 praeidtim
513 2085 713 2187 digreffurus
726 2084 770 2157 ad
785 2083 1035 2182 explanandum
1048 2088 1234 2163 notabilem
1248 2092 1366 2170 locum

193 2188 275 2281 Joh.
290 2210 323 2258 v.
339 2214 397 2287 37.
422 2188 480 2285 qui
495 2181 741 2259 Raveiarianiim
756 2206 816 2280 per
829 2188 895 2279 “ap
912 2185 975 2263 nai
1000 2211 1081 2284 quas
1088 2212 1206 2262 omnes
1214 2213 1282 2263 non
1289 2195 1367 2289 reji-

192 2286 267 2374 cio,
292 2284 406 2360 obesse
420 2286 567 2359 videtur.
590 2283 749 2356 Tandem
763 2281 962 2379 diligentius
975 2285 1194 2378 examinabo,
1242 2290 1301 2364 uid
1315 2311 1366 2366 ta·

193 2404 274 2454 men
290 2384 381 2456 hisce
392 2407 463 2454 non
476 2379 627 2471 reiediis,
652 2380 725 2450 veri
738 2374 841 2451 subsit
854 2389 1005 2452 communi
1019 2383 1067 2454 ilii
1078 2314 1368 2484 opiniaaideCeffa-

193 2486 276 2550 aione
290 2481 474 2580 Prophmia,
506 2476 543 2548 &
558 2478 729 2564 Arriam,
777 2477 812 2548 ui
826 2498 901 2547 cam
914 2480 1110 2574 supponunt
1124 2479 1159 2551 ὃ(
1175 2480 1273 2554 simul
1286 2485 1367 2557 alias

194 2579 408 2650 revetationis
422 2498 782 2685 Extraordinariaspoib
790 2576 994 2646 Malachiam
1001 2597 1210 2667 memorant,
1236 2582 1367 2655 intense

194 2672 398 2748 conciliabo.
422 2668 809 2844 Denigzuieinvestrgabo
822 2671 966 2765 cauffas,
989 2696 1051 2745 cur
1063 2672 1142 2748 Deo
1155 2699 1225 2747 non
1256 2676 1367 2752 lacue-

195 2776 258 2865 rit‚
283 2771 453 2870 Populum
464 2772 510 2864 Ju
566 2793 647 2844 cum
659 2774 737 2868 post
752 2788 906 2865 tempora
919 2778 1111 2844 Artaxerxi
1117 2773 1267 2869 usquead
1275 2777 1369 2847 Chri-

188 2874 271 2969 stum
289 2872 434 2969 amplius
446 2869 608 2944 instruere
622 2891 682 2964 per
695 2869 829 2941 oracula
841 2873 995 2941 clarorum
1008 2869 1046 2941 ὅ(
1060 2878 1278 2944 Canonicrrum
1292 2882 1371 2946 Pro·

191 2972 375 3142 aramma,
395 2994 458 3044 ceu
467 2989 594 3045 certam
604 2965 1165 3063 &mdubiamfideibcmorrmillius
1172 2971 1368 3069 populifive

251 3067 361 3143 clefiae
378 3096 395 3137 r
431 3074 526 3140 ulam.

249 3168 322 3245 1v.
347 3097 453 3262 Qddd
468 3169 509 3241 ad
520 3174 658 3272 primum
669 3165 819 3256 attinet,
844 3166 964 3257 statui,
990 3167 1177 3264 Scriptores
1191 3169 1370 3266 Judaieos,

199 3263 261 3336 ubi
276 3264 319 3336 de
333 3268 494 3369 Propheaia
508 3268 635 3360 Defeiiu
649 3267 835 3364 loquuntur
849 3315 863 3356 ,
888 3264 934 3339 fic
949 3266 1188 3366 intelligendos
1202 3292 1273 3341 non
1287 3270 1374 3364 effe,

200 3360 270 3435 acfi
284 3361 446 3439 Ecclefiae
456 3367 609 3459 Judaicae
623 3366 700 3463 post
714 3365 917 3437 Malachiam
930 3389 1049 3439 omnes
1063 3387 1227 3465 negarent
1241 3372 1376 3442 Revela·

203 3469 300 3532 aiones
313 3467 584 3536 Extrarrdiraria
597 3466 736 3538 Divinae
752 3463 970 3552 Voluntatis;
995 3463 1131 3563 ejusque
1144 3490 1231 3538 mcae
1245 3466 1376 3540 senten-

204 3562 264 3632 tiae
278 3559 366 3631 hanc
379 3560 457 3633 dedi
471 3572 620 3637 rariorem
635 3561 778 3637 minimi
792 3561 953 3654 dubiam,
978 3566 1056 3661 quia
1071 3560 1132 3658 ipsi
1148 3563 1197 3637 iili
1212 3563 1380 3640 Audiorcc

205 3680 277 3730 non
291 3654 368 3729 rarb
382 3666 709 3735 Exrramdinariaram
722 3661 886 3759 ejusmodi
900 3666 1153 3752 Revelationam,
1177 3664 1252 3760 post
1260 3672 1379 3739 Maia·

205 3758 277 3830 chia
289 3757 456 3830 dcceffum
472 3758 657 3854 fabarum,
682 3762 891 3834 mentionem
905 3758 1047 3832 faciunt.
1069 3758 1176 3832 Certi
1190 3765 1379 3863 enimprae·

206 3855 407 3930 sumendum
416 3856 558 3946 nonest,
582 3884 639 3931 eos
647 3859 707 3933 fibi
716 3859 794 3956 ipsis
803 3861 837 3930 in
845 3859 960 3951 refaiii
966 3907 979 3947 ,
1005 3858 1202 3953 circaquam
1205 3861 1379 3963 judicium

208 3978 330 4033 eorum
336 3953 492 4033 vacillare
498 3976 568 4027 non
574 3960 707 4055 potuit,
720 3955 839 4056 aperti
848 3954 986 4032 voluiss'e
992 3956 1242 4054 contradicere,
1258 3982 1385 4131 quag-¹

221 4102 228 4113 .
1356 4076 1382 4129 u
