3456 4718
454 324 512 400 24
757 282 821 369 De
860 287 1011 373 Loco
1046 277 1232 384 Jesvrr.
1255 280 1322 387 14}

457 452 539 504 nun
553 450 600 499 rr
616 443 883 500 stanconam
899 432 998 496 omnis
1009 426 1142 520 reliquus
1155 425 1189 489 in
1203 422 1403 491 mediam-re.
1427 417 1637 515 Sensusest,

458 528 612 625 Judaeum
628 523 703 621 post
718 522 973 635 populationem
989 521 1191 618 Assyriacam
1203 514 1246 589 ab
1253 516 1375 589 incolis
1382 517 1544 593 desertam
1551 519 1635 596 sore

460 623 497 697 ὃ(
513 648 674 712 vacuam,
699 622 787 692 adeo
801 622 939 716 quidem
955 639 994 694 ut
1008 643 1051 692 ex
1067 617 1181 713 paucis
1189 615 1252 686 illis
1259 614 1635 711 interrasuperstitibus

462 725 521 820 qui
535 749 627 792 tinam
640 720 856 792 reservaverit
869 718 1011 790 buculam
1025 717 1061 787 &
1075 718 1146 787 duas
1160 740 1249 802 oves,
1272 711 1406 786 abunde
1420 714 1637 791 sibiadsum-

463 844 554 893 mam
578 820 712 915 copiam
727 817 763 887 &
776 814 1015 890 abundantiam
1028 830 1281 910 comparaturus
1294 810 1335 884 fit
1348 809 1490 887 viuum.
1520 817 1639 895 Tetri

463 921 555 991 enim
570 918 689 990 incolis
703 914 878 1005 destituti,
903 914 938 985 ὅ(
952 916 1042 1013 agris
1056 910 1197 999 relidit,
1215 912 1328 1011 pascua
1342 910 1405 983 illis
1414 920 1529 1016 paucis
1536 940 1637 1019 pecu·

463 1014 681 1111 diiusubique
689 1031 857 1110 paterent:
884 1015 1025 1111 proinde
1033 1009 1659 1106 subministrarentpossessoribussuie-

463 1112 698 1210 amplisiimam
720 1109 813 1183 lastis
834 1114 981 1208 copiam.
1012 1110 1077 1182 Sed
1100 1108 1225 1203 poterit
1239 1106 1282 1179 de
1296 1107 1361 1180 hac
1376 1109 1488 1204 phrasi
1502 1111 1636 1187 consuli

299 1220 452 1271 vindat·
464 1212 672 1300 Bochattus,
696 1212 756 1308 qui
770 1234 842 1281 eam
857 1211 986 1282 eruditi
998 1209 1100 1304 operi
1114 1205 1299 1279 illustravit.
1330 1203 1445 1279 Rode
1456 1208 1634 1300 Jarchius:

284 1284 418 1401 3522?
463 1333 510 1383 ,ιη
520 1331 574 1383 72
585 1312 674 1383 mss
686 1332 760 1383 iisne
770 1333 869 1380 mm
879 1313 952 1380 mn
963 1328 1045 1380 *aas
1057 1329 1124 1380 usn
1136 1307 1190 1379 ahu
1206 1303 1393 1378 Buranun
1410 1308 1637 1380 &Mancu-

299 1403 401 1459 advexi
414 1418 452 1464 ’Φ
466 1429 593 1478 naurs
611 1413 708 1490 Puer,
732 1409 805 1500 quia
819 1424 945 1475 ranna
962 1425 1106 1474 uosmn
1122 1424 1277 1475 onumus
1290 1427 1392 1475 nouis
1406 1426 1637 1480 nauuonatr.

515 1505 562 1577 X.
589 1504 681 1597 Quae
702 1497 861 1573 hasienus
882 1525 944 1598 pro
966 1501 1105 1599 ingenio
1126 1524 1205 1571 meo
1218 1499 1323 1573 libere
1337 1500 1518 1599 disputavi,
1542 1503 1636 1577 citra

464 1600 759 1691 uliaminvidiam,
784 1597 1635 1696 &salviexistimationeCllillorumInterpretum,

465 1699 665 1798 quibuscum
688 1699 774 1770 mihi
788 1719 838 1770 res
852 1696 935 1788 suit,
966 1694 1057 1769 diua
1070 1698 1183 1769 velim.
1208 1696 1281 1769 Ubi
1295 1699 1386 1795 enim
1400 1722 1482 1771 vero
1496 1699 1640 1774 investi-

493 1799 582 1871 ando
597 1795 784 1869 studemus:
810 1794 983 1868 sententiae
997 1795 1231 1869 Praestantium
1247 1798 1410 1872 Virorum
1418 1793 1642 1899 temerdneg·

465 1819 605 1994 igende
620 1919 689 1967 non
704 1895 790 1967 sunt.
813 1890 970 1967 Tantum
987 1892 1072 1966 mihi
1086 1894 1277 1967 cavendum
1293 1916 1383 1988 erat,
1409 1894 1447 1967 &
1460 1893 1551 1969 fone
1562 1898 1642 1995 quis

466 2013 626 2082 metuat,
658 2016 702 2063 ne
726 1992 858 2063 illorum
874 1991 1051 2064 sententias
1066 1991 1248 2068 refellendo
1261 1993 1317 2066 vel
1331 1994 1522 2091 reponendo
1542 1994 1643 2070 caus·

467 2092 536 2164 sam
552 2113 790 2179 communem,
815 2089 910 2185 cujus
931 2091 1095 2164 vindicias
1111 2091 1256 2189 suscepi,
1286 2090 1511 2167 difficiliorem
1524 2093 1643 2169 reddi·

466 2187 586 2260 desim.
611 2187 736 2260 Nolim
751 2208 863 2259 tamen
879 2188 959 2260 illud
968 2191 1090 2262 vitium
1099 2190 1344 2265 mihiaccidisse
1351 2223 1364 2280 3
1389 2192 1643 2290 quaremndem

468 2310 657 2384 exponam,
688 2285 770 2380 quid
792 2287 834 2358 ad
849 2286 916 2357 hoc
931 2286 1072 2360 dubium
1090 2287 1324 2362 resolvendum
1340 2309 1452 2364 mente
1463 2292 1537 2362 mei
1549 2312 1643 2363 con·

468 2386 627 2482 ceperim.
660 2385 858 2481 Propheta,
889 2385 957 2457 hoc
971 2412 1136 2478 commate,
1160 2386 1255 2482 cujus
1270 2412 1389 2463 verum
1402 2386 1528 2463 sensum
1536 2384 1643 2462 nunc

468 2482 691 2581 indagamus,
708 2489 777 2653 'piis
791 2485 879 2555 inter
892 2485 1029 2578 Judaeos
1044 2488 1183 2557 nomine
1197 2487 1264 2559 Dei
1278 2488 1438 2578 nunciat,
1462 2484 1548 2586 ipsos
1560 2486 1644 2561 illos

469 2580 630 2683 Syrorum
655 2582 690 2653 &
728 2582 993 2678 'phriimitarum
1007 2585 1143 2682 Reges,
1168 2587 1225 2678 qui
1240 2585 1328 2681 ipsos
1342 2610 1434 2659 nunc
1447 2582 1642 2678 vexassent,

469 2677 558 2753 brevi
578 2680 644 2754 esic
659 2683 866 2754 interituros:
892 2685 987 2775 cujus
1001 2684 1163 2780 temporis
1177 2682 1357 2756 brevitatem
1370 2686 1516 2783 amplius
1528 2684 1645 2758 decla⁶

468 2799 616 2873 taturus,
641 2781 930 2878 comparationem
947 2780 1090 2854 instituit
1103 2783 1193 2854 inter
1205 2785 1648 2884 tenpusinterimhormlie·

464 2907 541 2977 gum
555 2876 590 2951 &
607 2902 718 2950 etatem
727 2885 857 2981 pueritie
872 2880 927 2952 vel
940 2881 1137 2975 adolescentia
1150 2887 1361 2974 Immanis,
1385 2882 1649 2975 docetqueinte'·

469 2983 563 3045 ritum
576 2977 680 3046 horum
695 2985 808 3075 Regum
821 2977 1055 3072 praecessurum
1070 2978 1134 3052 esse
1148 3005 1263 3051 atatem
1270 2976 1649 3084 puerisiaeveladoiefcen·

470 3080 727 3144 tiaelmmaenuela.
753 3076 794 3146 ln
808 3077 1647 3176 quacomparationemtiodocetdiligenteratten·

469 3169 620 3243 dendum
635 3171 700 3242 esse
713 3173 755 3244 ad
768 3173 1035 3272 terminumiquo,
1050 3174 1298 3273 &quidicitur,
1310 3174 1646 3271 tminmadquem,

470 3268 558 3342 illius
574 3272 754 3367 temporis,
779 3295 858 3343 cum
874 3298 938 3370 pro
951 3273 1122 3372 Propheta
1135 3299 1250 3378 tempus
1261 3279 1400 3346 interitus
1407 3270 1565 3344 amborum
1572 3278 1647 3346 illo·

470 3394 539 3438 rum
553 3377 669 3468 Regum
683 3369 823 3442 confert.
854 3376 1016 3443 Terminus
1036 3374 1081 3445 ad
1093 3402 1180 3470 quem
1195 3376 1253 3446 hic
1266 3373 1314 3446 est
1327 3395 1388 3445 ata
1400 3376 1456 3443 isla
1468 3379 1646 3444 Imm

472 3473 528 3557 sis,
559 3470 624 3563 qui
639 3475 760 3540 noverit
772 3468 930 3569 reprobare
944 3476 1060 3542 malum
1074 3471 1111 3544 ἃ
1125 3479 1236 3573 eligere
1250 3470 1367 3543 domm.
1397 3470 1491 3568 quod
1504 3488 1645 3568 tempi!

472 3564 564 3639 haud
579 3564 681 3639 dubie
695 3568 844 3639 admittit
860 3568 1005 3664 aliquam
1013 3570 1244 3644 latitudinem:
1260 3571 1315 3646 sed
1324 3572 1360 3642 in
1369 3567 1579 3669 quarenulla
1586 3567 1644 3641 hic

471 3664 591 3737 residet
604 3664 797 3739 difficultas.
821 3667 937 3740 Potest
952 3671 1043 3741 enim
1059 3671 1136 3744 haec
1151 3667 1276 3769 phrasis
1291 3670 1345 3742 vel
1355 3674 1521 3761 pueritiam
1535 3666 1592 3739 vel
1604 3690 1646 3737 a·

469 3762 680 3857 adolescentiam
695 3770 888 3837 [mmanuelis
902 3765 1092 3866 designare,
1117 3771 1231 3866 prouti
1245 3767 1648 3856 illamsacultatemscien-

471 3867 519 3933 ria
533 3859 601 3931 boati
617 3880 664 3934 tav
680 3868 759 3933 mali
773 3864 870 3937 latius
886 3865 940 3936 vet
955 3867 1098 3940 strisiius
1111 3868 1351 3962 interpretatus
1364 3864 1476 3940 fueris.
1511 3862 1650 3959 Utique

470 3958 602 4035 constat
616 3984 660 4035 cx
674 3960 810 4036 historia
822 3964 950 4057 Lucae,
965 3965 1141 4040 Christum
1154 3962 1481 4065 fingulmiexempio
1479 3960 1556 4063 jam
1563 3980 1654 4059 ante

1526 4082 1653 4135 mnam
