<?xml version="1.0" encoding="UTF-8"?>
<!DOCTYPE html PUBLIC "-//W3C//DTD XHTML 1.0 Transitional//EN"
    "http://www.w3.org/TR/xhtml1/DTD/xhtml1-transitional.dtd">
<html xmlns="http://www.w3.org/1999/xhtml" xml:lang="en" lang="en">
 <head>
  <title>
</title>
<meta http-equiv="Content-Type" content="text/html;charset=utf-8" />
  <meta name='ocr-system' content='tesseract 3.04.00' />
  <meta name='ocr-capabilities' content='ocr_page ocr_carea ocr_par ocr_line ocrx_word'/>
</head>
<body>
  <div class='ocr_page' id='page_1' title='image "./campegiivitring00vitrgoog_0392.png"; bbox 0 0 3456 4718; ppageno 0'>
   <div class='ocr_carea' id='block_1_1' title="bbox 357 267 1539 358">
    <p class='ocr_par' dir='ltr' id='par_1_1' title="bbox 357 267 1539 358">
     <span class='ocr_line' id='line_1_1' title="bbox 357 267 1539 358; baseline -0.006 -4"><span class='ocrx_word' id='word_1_1' title='bbox 357 280 412 357; x_wconf 89' lang='lat'><em>60</em></span> <span class='ocrx_word' id='word_1_2' title='bbox 516 267 750 354; x_wconf 85' lang='lat' dir='ltr'><em>Beneficium</em></span> <span class='ocrx_word' id='word_1_3' title='bbox 774 273 1298 354; x_wconf 74' lang='lat' dir='ltr'><em>HnsaotrttrtsGaurtutt</em></span> <span class='ocrx_word' id='word_1_4' title='bbox 1354 276 1539 358; x_wconf 61' lang='grc' dir='ltr'><strong>[τιν.</strong></span> 
     </span>
    </p>
   </div>
   <div class='ocr_carea' id='block_1_2' title="bbox 358 408 1559 2518">
    <p class='ocr_par' dir='ltr' id='par_1_2' title="bbox 358 408 1559 2063">
     <span class='ocr_line' id='line_1_2' title="bbox 359 408 1546 502; baseline 0.002 -22"><span class='ocrx_word' id='word_1_5' title='bbox 359 415 490 482; x_wconf 80' lang='lat' dir='ltr'><em>Domini</em></span> <span class='ocrx_word' id='word_1_6' title='bbox 503 459 515 499; x_wconf 92' lang='lat'><em>,</em></span> <span class='ocrx_word' id='word_1_7' title='bbox 540 413 584 479; x_wconf 80' lang='lat' dir='ltr'><em>ad</em></span> <span class='ocrx_word' id='word_1_8' title='bbox 600 416 733 479; x_wconf 85' lang='lat' dir='ltr'><em>Domum</em></span> <span class='ocrx_word' id='word_1_9' title='bbox 746 414 809 477; x_wconf 87' lang='lat' dir='ltr'><em>Dei</em></span> <span class='ocrx_word' id='word_1_10' title='bbox 823 408 940 498; x_wconf 84' lang='lat' dir='ltr'><em>Jacobi</em></span> <span class='ocrx_word' id='word_1_11' title='bbox 947 460 958 493; x_wconf 85' lang='lat'>‚</span> <span class='ocrx_word' id='word_1_12' title='bbox 983 434 1015 477; x_wconf 84' lang='lat' dir='ltr'><em>tet</em></span> <span class='ocrx_word' id='word_1_13' title='bbox 1029 413 1133 480; x_wconf 82' lang='lat' dir='ltr'><em>doceat</em></span> <span class='ocrx_word' id='word_1_14' title='bbox 1149 437 1202 479; x_wconf 92' lang='lat' dir='ltr'><em>nos</em></span> <span class='ocrx_word' id='word_1_15' title='bbox 1215 412 1369 502; x_wconf 70' lang='lat' dir='ltr'><em>visisset,</em></span> <span class='ocrx_word' id='word_1_16' title='bbox 1393 428 1446 481; x_wconf 62' lang='grc' dir='ltr'><em>(θ’.</em></span> <span class='ocrx_word' id='word_1_17' title='bbox 1456 438 1546 481; x_wconf 78' lang='lat' dir='ltr'><em>ans-</em></span> 
     </span>
     <span class='ocr_line' id='line_1_3' title="bbox 359 503 1540 603; baseline 0.001 -27"><span class='ocrx_word' id='word_1_18' title='bbox 359 505 496 578; x_wconf 79' lang='lat' dir='ltr'><em>bolemus</em></span> <span class='ocrx_word' id='word_1_19' title='bbox 515 514 549 575; x_wconf 86' lang='lat' dir='ltr'><em>in</em></span> <span class='ocrx_word' id='word_1_20' title='bbox 562 510 673 599; x_wconf 79' lang='lat' dir='ltr'><em>semitis</em></span> <span class='ocrx_word' id='word_1_21' title='bbox 696 514 768 602; x_wconf 72' lang='lat' dir='ltr'><em>ejus.</em></span> <span class='ocrx_word' id='word_1_22' title='bbox 803 503 906 575; x_wconf 85' lang='lat' dir='ltr'><em>Nihil</em></span> <span class='ocrx_word' id='word_1_23' title='bbox 928 506 978 576; x_wconf 78' lang='lat' dir='ltr'><em>his</em></span> <span class='ocrx_word' id='word_1_24' title='bbox 996 510 1181 603; x_wconf 79' lang='lat' dir='ltr'>prophetiis</span> <span class='ocrx_word' id='word_1_25' title='bbox 1196 506 1314 578; x_wconf 80' lang='lat' dir='ltr'><em>clarius</em></span> <span class='ocrx_word' id='word_1_26' title='bbox 1330 509 1363 577; x_wconf 89' lang='lat' dir='ltr'><em>in</em></span> <span class='ocrx_word' id='word_1_27' title='bbox 1377 506 1540 584; x_wconf 78' lang='lat' dir='ltr'><em>nostram</em></span> 
     </span>
     <span class='ocr_line' id='line_1_4' title="bbox 360 603 1540 698; baseline 0 -21"><span class='ocrx_word' id='word_1_28' title='bbox 360 605 578 691; x_wconf 81' lang='lat' dir='ltr'>sententiam,</span> <span class='ocrx_word' id='word_1_29' title='bbox 602 627 642 673; x_wconf 93' lang='lat' dir='ltr'><em>ac</em></span> <span class='ocrx_word' id='word_1_30' title='bbox 659 603 1039 698; x_wconf 86' lang='lat' dir='ltr'><em>proindeparcovetbts.</em></span> <span class='ocrx_word' id='word_1_31' title='bbox 1065 608 1239 690; x_wconf 88' lang='lat' dir='ltr'><em>Alterum,</em></span> <span class='ocrx_word' id='word_1_32' title='bbox 1264 605 1540 697; x_wconf 79' lang='lat' dir='ltr'><em>quodhuicl&#39;ub·</em></span> 
     </span>
     <span class='ocr_line' id='line_1_5' title="bbox 362 699 1538 799; baseline 0.004 -27"><span class='ocrx_word' id='word_1_33' title='bbox 362 700 509 773; x_wconf 63' lang='lat' dir='ltr'><em>nellitut·</em></span> <span class='ocrx_word' id='word_1_34' title='bbox 521 699 726 774; x_wconf 91' lang='lat' dir='ltr'><em>beneficium</em></span> <span class='ocrx_word' id='word_1_35' title='bbox 743 751 755 788; x_wconf 93' lang='lat'><em>,</em></span> <span class='ocrx_word' id='word_1_36' title='bbox 787 703 863 785; x_wconf 67' lang='lat' dir='ltr'><em>elit</em></span> <span class='ocrx_word' id='word_1_37' title='bbox 898 702 1045 796; x_wconf 88' lang='lat' dir='ltr'><em>Populos</em></span> <span class='ocrx_word' id='word_1_38' title='bbox 1062 704 1161 789; x_wconf 88' lang='lat' dir='ltr'><em>illos,</em></span> <span class='ocrx_word' id='word_1_39' title='bbox 1186 704 1245 796; x_wconf 88' lang='lat' dir='ltr'><em>qui</em></span> <span class='ocrx_word' id='word_1_40' title='bbox 1259 701 1291 772; x_wconf 90' lang='lat' dir='ltr'><em>se</em></span> <span class='ocrx_word' id='word_1_41' title='bbox 1305 701 1538 799; x_wconf 83' lang='lat' dir='ltr'><em>adjungerent</em></span> 
     </span>
     <span class='ocr_line' id='line_1_6' title="bbox 361 797 1539 894; baseline 0.007 -27"><span class='ocrx_word' id='word_1_42' title='bbox 361 799 487 892; x_wconf 86' lang='lat' dir='ltr'><em>Judaeis</em></span> <span class='ocrx_word' id='word_1_43' title='bbox 508 797 610 884; x_wconf 77' lang='lat' dir='ltr'><em>eaossi</em></span> <span class='ocrx_word' id='word_1_44' title='bbox 633 803 820 894; x_wconf 64' lang='lat' dir='ltr'><em>Religioni,</em></span> <span class='ocrx_word' id='word_1_45' title='bbox 852 797 925 868; x_wconf 90' lang='lat' dir='ltr'><em>illos</em></span> <span class='ocrx_word' id='word_1_46' title='bbox 942 799 1006 870; x_wconf 82' lang='lat' dir='ltr'><em>etse</em></span> <span class='ocrx_word' id='word_1_47' title='bbox 1019 821 1244 892; x_wconf 82' lang='lat' dir='ltr'><em>accepturos,</em></span> <span class='ocrx_word' id='word_1_48' title='bbox 1276 797 1312 868; x_wconf 71' lang='grc' dir='ltr'><em>ὅ(</em></span> <span class='ocrx_word' id='word_1_49' title='bbox 1325 797 1539 875; x_wconf 69' lang='grc' dir='ltr'>ἀοάυᾶυῐοσ</span> 
     </span>
     <span class='ocr_line' id='line_1_7' title="bbox 362 895 1538 1004; baseline 0.001 -36"><span class='ocrx_word' id='word_1_50' title='bbox 362 924 465 1004; x_wconf 67' lang='lat' dir='ltr'><em>unp&gt;</em></span> <span class='ocrx_word' id='word_1_51' title='bbox 475 897 553 974; x_wconf 66' lang='lat' dir='ltr'><em>-ul</em></span> <span class='ocrx_word' id='word_1_52' title='bbox 578 898 669 990; x_wconf 89' lang='lat' dir='ltr'><em>quod</em></span> <span class='ocrx_word' id='word_1_53' title='bbox 685 897 738 967; x_wconf 86' lang='lat' dir='ltr'><em>vel</em></span> <span class='ocrx_word' id='word_1_54' title='bbox 755 898 839 966; x_wconf 90' lang='lat' dir='ltr'><em>vetti</em></span> <span class='ocrx_word' id='word_1_55' title='bbox 853 897 965 990; x_wconf 91' lang='lat' dir='ltr'><em>potest</em></span> <span class='ocrx_word' id='word_1_56' title='bbox 979 945 992 983; x_wconf 96' lang='lat'><em>,</em></span> <span class='ocrx_word' id='word_1_57' title='bbox 1024 906 1057 966; x_wconf 90' lang='lat' dir='ltr'><em>in</em></span> <span class='ocrx_word' id='word_1_58' title='bbox 1071 904 1167 966; x_wconf 86' lang='lat' dir='ltr'><em>locum</em></span> <span class='ocrx_word' id='word_1_59' title='bbox 1178 899 1286 988; x_wconf 75' lang='lat' dir='ltr'><em>fisum,</em></span> <span class='ocrx_word' id='word_1_60' title='bbox 1312 895 1367 967; x_wconf 90' lang='lat' dir='ltr'><em>vel</em></span> <span class='ocrx_word' id='word_1_61' title='bbox 1381 903 1415 965; x_wconf 85' lang='lat' dir='ltr'><em>in</em></span> <span class='ocrx_word' id='word_1_62' title='bbox 1429 901 1538 969; x_wconf 76' lang='lat' dir='ltr'><em>locotus</em></span> 
     </span>
     <span class='ocr_line' id='line_1_8' title="bbox 362 990 1539 1092; baseline 0.006 -32"><span class='ocrx_word' id='word_1_63' title='bbox 362 994 500 1092; x_wconf 80' lang='lat' dir='ltr'><em>ipfhrom.</em></span> <span class='ocrx_word' id='word_1_64' title='bbox 526 990 876 1091; x_wconf 80' lang='lat' dir='ltr'><em>Secundbmpriorcm</em></span> <span class='ocrx_word' id='word_1_65' title='bbox 885 996 1192 1088; x_wconf 80' lang='lat' dir='ltr'><em>interpretationem</em></span> <span class='ocrx_word' id='word_1_66' title='bbox 1201 992 1412 1082; x_wconf 83' lang='lat' dir='ltr'><em>sensuseffet,</em></span> <span class='ocrx_word' id='word_1_67' title='bbox 1428 993 1539 1067; x_wconf 84' lang='lat' dir='ltr'><em>Gen-</em></span> 
     </span>
     <span class='ocr_line' id='line_1_9' title="bbox 363 1089 1537 1187; baseline 0.004 -27"><span class='ocrx_word' id='word_1_68' title='bbox 363 1106 414 1160; x_wconf 78' lang='lat' dir='ltr'><em>tes</em></span> <span class='ocrx_word' id='word_1_69' title='bbox 430 1091 519 1181; x_wconf 84' lang='lat' dir='ltr'><em>illas,</em></span> <span class='ocrx_word' id='word_1_70' title='bbox 544 1114 621 1185; x_wconf 85' lang='lat' dir='ltr'><em>quae</em></span> <span class='ocrx_word' id='word_1_71' title='bbox 635 1093 667 1163; x_wconf 89' lang='lat' dir='ltr'><em>se</em></span> <span class='ocrx_word' id='word_1_72' title='bbox 679 1092 798 1184; x_wconf 76' lang='lat' dir='ltr'><em>Judeis</em></span> <span class='ocrx_word' id='word_1_73' title='bbox 813 1090 1053 1187; x_wconf 87' lang='lat' dir='ltr'><em>adjungerent,</em></span> <span class='ocrx_word' id='word_1_74' title='bbox 1078 1091 1164 1187; x_wconf 87' lang='lat' dir='ltr'><em>ipsos</em></span> <span class='ocrx_word' id='word_1_75' title='bbox 1175 1090 1401 1184; x_wconf 70' lang='lat' dir='ltr'><em>illosJudeos,</em></span> <span class='ocrx_word' id='word_1_76' title='bbox 1428 1089 1537 1165; x_wconf 72' lang='lat' dir='ltr'><em>filot-</em></span> 
     </span>
     <span class='ocr_line' id='line_1_10' title="bbox 364 1182 1559 1286; baseline 0.003 -29"><span class='ocrx_word' id='word_1_77' title='bbox 364 1182 400 1257; x_wconf 73' lang='lat' dir='ltr'><em>te</em></span> <span class='ocrx_word' id='word_1_78' title='bbox 413 1210 618 1286; x_wconf 86' lang='lat' dir='ltr'>cogerentur</span> <span class='ocrx_word' id='word_1_79' title='bbox 631 1213 795 1260; x_wconf 88' lang='lat' dir='ltr'><em>novatum</em></span> <span class='ocrx_word' id='word_1_80' title='bbox 809 1187 1037 1260; x_wconf 80' lang='lat' dir='ltr'>calamitatum</span> <span class='ocrx_word' id='word_1_81' title='bbox 1052 1189 1163 1261; x_wconf 69' lang='lat' dir='ltr'><em>caussa</em></span> <span class='ocrx_word' id='word_1_82' title='bbox 1174 1190 1559 1267; x_wconf 78' lang='lat' dir='ltr'><em>Canaanaamterram-</em></span> 
     </span>
     <span class='ocr_line' id='line_1_11' title="bbox 364 1283 1538 1387; baseline 0.007 -32"><span class='ocrx_word' id='word_1_83' title='bbox 364 1285 472 1356; x_wconf 78' lang='lat' dir='ltr'><em>rursus</em></span> <span class='ocrx_word' id='word_1_84' title='bbox 486 1286 650 1372; x_wconf 88' lang='lat' dir='ltr'><em>deserete,</em></span> <span class='ocrx_word' id='word_1_85' title='bbox 668 1288 846 1378; x_wconf 80' lang='lat' dir='ltr'><em>fuisterrt&#39;s,</em></span> <span class='ocrx_word' id='word_1_86' title='bbox 870 1288 1278 1387; x_wconf 73' lang='lat' dir='ltr'><em>Dominojamconseeratis,</em></span> <span class='ocrx_word' id='word_1_87' title='bbox 1302 1283 1538 1363; x_wconf 81' lang='lat' dir='ltr'><em>lubenteress&#39;e</em></span> 
     </span>
     <span class='ocr_line' id='line_1_12' title="bbox 365 1382 1537 1481; baseline 0.004 -29"><span class='ocrx_word' id='word_1_88' title='bbox 365 1403 574 1478; x_wconf 78' lang='lat' dir='ltr'><em>recepturas,</em></span> <span class='ocrx_word' id='word_1_89' title='bbox 598 1383 690 1455; x_wconf 91' lang='lat' dir='ltr'><em>&amp;ibi</em></span> <span class='ocrx_word' id='word_1_90' title='bbox 698 1384 995 1456; x_wconf 83' lang='lat' dir='ltr'><em>neceffatiaomnia</em></span> <span class='ocrx_word' id='word_1_91' title='bbox 1004 1385 1115 1455; x_wconf 80' lang='lat' dir='ltr'><em>iiseffe</em></span> <span class='ocrx_word' id='word_1_92' title='bbox 1123 1382 1435 1474; x_wconf 71' lang='lat' dir='ltr'><em>subministratum,</em></span> <span class='ocrx_word' id='word_1_93' title='bbox 1456 1407 1537 1481; x_wconf 56' lang='lat' dir='ltr'><em>quq</em></span> 
     </span>
     <span class='ocr_line' id='line_1_13' title="bbox 358 1479 1538 1583; baseline 0.005 -35"><span class='ocrx_word' id='word_1_94' title='bbox 358 1483 431 1580; x_wconf 82' lang='lat' dir='ltr'><em>jnre</em></span> <span class='ocrx_word' id='word_1_95' title='bbox 443 1487 654 1553; x_wconf 75' lang='lat' dir='ltr'><em>communionis</em></span> <span class='ocrx_word' id='word_1_96' title='bbox 665 1482 793 1583; x_wconf 75' lang='lat' dir='ltr'><em>ejostlem</em></span> <span class='ocrx_word' id='word_1_97' title='bbox 807 1484 975 1581; x_wconf 77' lang='lat' dir='ltr'><em>Religionis</em></span> <span class='ocrx_word' id='word_1_98' title='bbox 987 1480 1029 1553; x_wconf 89' lang='lat' dir='ltr'><em>ab</em></span> <span class='ocrx_word' id='word_1_99' title='bbox 1046 1484 1083 1554; x_wconf 85' lang='lat' dir='ltr'><em>iis</em></span> <span class='ocrx_word' id='word_1_100' title='bbox 1097 1485 1231 1579; x_wconf 85' lang='lat' dir='ltr'><em>exigere</em></span> <span class='ocrx_word' id='word_1_101' title='bbox 1239 1481 1388 1578; x_wconf 71' lang='lat' dir='ltr'><em>pollent,</em></span> <span class='ocrx_word' id='word_1_102' title='bbox 1410 1479 1538 1555; x_wconf 79' lang='lat' dir='ltr'><em>secun·</em></span> 
     </span>
     <span class='ocr_line' id='line_1_14' title="bbox 367 1575 1537 1675; baseline 0.005 -28"><span class='ocrx_word' id='word_1_103' title='bbox 367 1576 450 1649; x_wconf 90' lang='lat' dir='ltr'><em>dum</em></span> <span class='ocrx_word' id='word_1_104' title='bbox 467 1581 708 1675; x_wconf 85' lang='lat' dir='ltr'><em>posteriorem,</em></span> <span class='ocrx_word' id='word_1_105' title='bbox 735 1579 843 1652; x_wconf 83' lang='lat' dir='ltr'><em>lensus</em></span> <span class='ocrx_word' id='word_1_106' title='bbox 857 1584 939 1668; x_wconf 87' lang='lat' dir='ltr'><em>etit,</em></span> <span class='ocrx_word' id='word_1_107' title='bbox 964 1587 1093 1669; x_wconf 80' lang='lat' dir='ltr'><em>Gentes,</em></span> <span class='ocrx_word' id='word_1_108' title='bbox 1118 1601 1225 1652; x_wconf 84' lang='lat' dir='ltr'><em>motas</em></span> <span class='ocrx_word' id='word_1_109' title='bbox 1239 1575 1361 1651; x_wconf 76' lang='lat' dir='ltr'><em>affeetu</em></span> <span class='ocrx_word' id='word_1_110' title='bbox 1376 1601 1537 1653; x_wconf 80' lang='lat' dir='ltr'><em>reveren·</em></span> 
     </span>
     <span class='ocr_line' id='line_1_15' title="bbox 369 1673 1536 1774; baseline 0.003 -29"><span class='ocrx_word' id='word_1_111' title='bbox 369 1675 428 1747; x_wconf 84' lang='lat' dir='ltr'><em>tiae</em></span> <span class='ocrx_word' id='word_1_112' title='bbox 443 1678 479 1746; x_wconf 92' lang='lat' dir='ltr'><em>in</em></span> <span class='ocrx_word' id='word_1_113' title='bbox 494 1676 609 1750; x_wconf 88' lang='lat' dir='ltr'><em>Deum</em></span> <span class='ocrx_word' id='word_1_114' title='bbox 623 1677 659 1749; x_wconf 85' lang='lat'>&amp;</span> <span class='ocrx_word' id='word_1_115' title='bbox 673 1680 794 1751; x_wconf 87' lang='lat' dir='ltr'><em>amoris</em></span> <span class='ocrx_word' id='word_1_116' title='bbox 810 1699 891 1770; x_wconf 72' lang='lat' dir='ltr'><em>vere</em></span> <span class='ocrx_word' id='word_1_117' title='bbox 905 1679 1116 1774; x_wconf 85' lang='lat' dir='ltr'><em>Religionis,</em></span> <span class='ocrx_word' id='word_1_118' title='bbox 1139 1698 1208 1772; x_wconf 73' lang='lat' dir='ltr'><em>que</em></span> <span class='ocrx_word' id='word_1_119' title='bbox 1223 1673 1536 1773; x_wconf 67' lang='lat' dir='ltr'><em>iseexpeblnripo·</em></span> 
     </span>
     <span class='ocr_line' id='line_1_16' title="bbox 369 1772 1539 1867; baseline 0.007 -25"><span class='ocrx_word' id='word_1_120' title='bbox 369 1789 480 1846; x_wconf 84' lang='lat' dir='ltr'><em>terant</em></span> <span class='ocrx_word' id='word_1_121' title='bbox 493 1776 606 1848; x_wconf 88' lang='lat' dir='ltr'><em>officia</em></span> <span class='ocrx_word' id='word_1_122' title='bbox 619 1776 836 1848; x_wconf 88' lang='lat' dir='ltr'><em>humanitatis</em></span> <span class='ocrx_word' id='word_1_123' title='bbox 850 1773 1084 1867; x_wconf 84' lang='lat' dir='ltr'><em>charitatisque</em></span> <span class='ocrx_word' id='word_1_124' title='bbox 1091 1773 1230 1846; x_wconf 86' lang='lat' dir='ltr'><em>lubente</em></span> <span class='ocrx_word' id='word_1_125' title='bbox 1237 1776 1351 1845; x_wconf 86' lang='lat' dir='ltr'><em>animo</em></span> <span class='ocrx_word' id='word_1_126' title='bbox 1358 1772 1539 1851; x_wconf 73' lang='lat' dir='ltr'><em>exhibitis·</em></span> 
     </span>
     <span class='ocr_line' id='line_1_17' title="bbox 368 1869 1539 1972; baseline 0.002 -31"><span class='ocrx_word' id='word_1_127' title='bbox 368 1892 420 1941; x_wconf 85' lang='lat' dir='ltr'><em>ras</em></span> <span class='ocrx_word' id='word_1_128' title='bbox 433 1874 567 1964; x_wconf 81' lang='lat' dir='ltr'><em>Jodet&#39;s,</em></span> <span class='ocrx_word' id='word_1_129' title='bbox 593 1893 714 1944; x_wconf 88' lang='lat' dir='ltr'><em>terram</em></span> <span class='ocrx_word' id='word_1_130' title='bbox 730 1871 820 1943; x_wconf 88' lang='lat' dir='ltr'><em>suam</em></span> <span class='ocrx_word' id='word_1_131' title='bbox 837 1875 999 1965; x_wconf 78' lang='lat' dir='ltr'><em>Religionis</em></span> <span class='ocrx_word' id='word_1_132' title='bbox 1011 1869 1112 1972; x_wconf 74' lang='lat' dir='ltr'><em>causti</em></span> <span class='ocrx_word' id='word_1_133' title='bbox 1127 1873 1335 1964; x_wconf 88' lang='lat' dir='ltr'><em>repetituris,</em></span> <span class='ocrx_word' id='word_1_134' title='bbox 1358 1869 1395 1942; x_wconf 75' lang='lat' dir='ltr'><em>bt</em></span> <span class='ocrx_word' id='word_1_135' title='bbox 1410 1873 1449 1943; x_wconf 87' lang='lat' dir='ltr'><em>in</em></span> <span class='ocrx_word' id='word_1_136' title='bbox 1463 1873 1539 1950; x_wconf 81' lang='lat' dir='ltr'><em>hoc</em></span> 
     </span>
     <span class='ocr_line' id='line_1_18' title="bbox 394 1965 1539 2063; baseline 0.009 -27"><span class='ocrx_word' id='word_1_137' title='bbox 394 1970 542 2060; x_wconf 85' lang='lat' dir='ltr'><em>ropostto</em></span> <span class='ocrx_word' id='word_1_138' title='bbox 556 1992 656 2063; x_wconf 92' lang='lat' dir='ltr'><em>opem</em></span> <span class='ocrx_word' id='word_1_139' title='bbox 672 1968 762 2040; x_wconf 88' lang='lat' dir='ltr'><em>suam</em></span> <span class='ocrx_word' id='word_1_140' title='bbox 778 1967 813 2036; x_wconf 86' lang='lat'>&amp;</span> <span class='ocrx_word' id='word_1_141' title='bbox 829 1965 1004 2037; x_wconf 82' lang='lat' dir='ltr'><em>neceffatia</em></span> <span class='ocrx_word' id='word_1_142' title='bbox 1012 1965 1153 2039; x_wconf 73' lang='lat' dir='ltr'><em>subsidia</em></span> <span class='ocrx_word' id='word_1_143' title='bbox 1162 1968 1224 2040; x_wconf 87' lang='lat' dir='ltr'><em>illis</em></span> <span class='ocrx_word' id='word_1_144' title='bbox 1232 1966 1320 2041; x_wconf 79' lang='lat' dir='ltr'><em>ultro</em></span> <span class='ocrx_word' id='word_1_145' title='bbox 1327 1968 1539 2047; x_wconf 61' lang='lat' dir='ltr'><em>lummene.</em></span> 
     </span>
    </p>

    <p class='ocr_par' dir='ltr' id='par_1_3' title="bbox 366 2063 1553 2518">
     <span class='ocr_line' id='line_1_19' title="bbox 409 2063 1536 2164; baseline 0.005 -30"><span class='ocrx_word' id='word_1_146' title='bbox 409 2086 525 2159; x_wconf 89' lang='lat' dir='ltr'><em>traque</em></span> <span class='ocrx_word' id='word_1_147' title='bbox 538 2066 770 2159; x_wconf 87' lang='lat' dir='ltr'><em>interpretatio</em></span> <span class='ocrx_word' id='word_1_148' title='bbox 785 2089 864 2136; x_wconf 91' lang='lat' dir='ltr'><em>cum</em></span> <span class='ocrx_word' id='word_1_149' title='bbox 880 2063 1101 2160; x_wconf 87' lang='lat' dir='ltr'><em>implemento</em></span> <span class='ocrx_word' id='word_1_150' title='bbox 1109 2066 1207 2158; x_wconf 88' lang='lat' dir='ltr'><em>hujus</em></span> <span class='ocrx_word' id='word_1_151' title='bbox 1215 2067 1401 2164; x_wconf 71' lang='lat' dir='ltr'><em>prophetin</em></span> <span class='ocrx_word' id='word_1_152' title='bbox 1408 2064 1536 2140; x_wconf 79' lang='lat' dir='ltr'><em>secun·</em></span> 
     </span>
     <span class='ocr_line' id='line_1_20' title="bbox 367 2153 1540 2260; baseline 0.013 -34"><span class='ocrx_word' id='word_1_153' title='bbox 367 2153 453 2228; x_wconf 77' lang='lat' dir='ltr'><em>dum</em></span> <span class='ocrx_word' id='word_1_154' title='bbox 468 2160 593 2231; x_wconf 89' lang='lat' dir='ltr'><em>nostras</em></span> <span class='ocrx_word' id='word_1_155' title='bbox 608 2161 808 2257; x_wconf 86' lang='lat' dir='ltr'><em>hypotheses</em></span> <span class='ocrx_word' id='word_1_156' title='bbox 830 2160 964 2258; x_wconf 79' lang='lat' dir='ltr'><em>optime</em></span> <span class='ocrx_word' id='word_1_157' title='bbox 979 2163 1149 2235; x_wconf 86' lang='lat' dir='ltr'><em>conciliati</em></span> <span class='ocrx_word' id='word_1_158' title='bbox 1165 2164 1277 2260; x_wconf 86' lang='lat' dir='ltr'><em>potest</em></span> <span class='ocrx_word' id='word_1_159' title='bbox 1292 2189 1301 2234; x_wconf 75' lang='grc' dir='ltr'><strong><em>ε</em></strong></span> <span class='ocrx_word' id='word_1_160' title='bbox 1332 2187 1394 2237; x_wconf 86' lang='lat' dir='ltr'><em>uec</em></span> <span class='ocrx_word' id='word_1_161' title='bbox 1407 2163 1540 2241; x_wconf 81' lang='lat' dir='ltr'><em>dubito</em></span> 
     </span>
     <span class='ocr_line' id='line_1_21' title="bbox 366 2258 1537 2360; baseline 0.011 -37"><span class='ocrx_word' id='word_1_162' title='bbox 366 2269 480 2324; x_wconf 87' lang='lat' dir='ltr'><em>tamen</em></span> <span class='ocrx_word' id='word_1_163' title='bbox 491 2258 797 2352; x_wconf 88' lang='lat' dir='ltr'><em>quinpostetiorem</em></span> <span class='ocrx_word' id='word_1_164' title='bbox 805 2259 932 2331; x_wconf 88' lang='lat' dir='ltr'><em>sensum</em></span> <span class='ocrx_word' id='word_1_165' title='bbox 942 2261 1110 2332; x_wconf 88' lang='lat' dir='ltr'><em>Vateshic</em></span> <span class='ocrx_word' id='word_1_166' title='bbox 1118 2259 1195 2332; x_wconf 83' lang='lat' dir='ltr'><em>vere</em></span> <span class='ocrx_word' id='word_1_167' title='bbox 1204 2262 1405 2351; x_wconf 89' lang='lat' dir='ltr'><em>intenderit,</em></span> <span class='ocrx_word' id='word_1_168' title='bbox 1426 2267 1537 2360; x_wconf 86' lang='lat' dir='ltr'><em>quip-</em></span> 
     </span>
     <span class='ocr_line' id='line_1_22' title="bbox 366 2349 1553 2518; baseline 0.012 -98"><span class='ocrx_word' id='word_1_169' title='bbox 366 2372 412 2518; x_wconf 91' lang='lat' dir='ltr'><em>pe</em></span> <span class='ocrx_word' id='word_1_170' title='bbox 426 2374 527 2445; x_wconf 91' lang='lat' dir='ltr'><em>quem</em></span> <span class='ocrx_word' id='word_1_171' title='bbox 543 2359 689 2450; x_wconf 84' lang='lat' dir='ltr'><em>partium</em></span> <span class='ocrx_word' id='word_1_172' title='bbox 703 2349 803 2454; x_wconf 74' lang='lat' dir='ltr'><em>h&#39;uJus</em></span> <span class='ocrx_word' id='word_1_173' title='bbox 816 2357 1026 2431; x_wconf 86' lang='lat' dir='ltr'><em>emblematis</em></span> <span class='ocrx_word' id='word_1_174' title='bbox 1039 2359 1194 2456; x_wconf 85' lang='lat' dir='ltr'><em>analogia</em></span> <span class='ocrx_word' id='word_1_175' title='bbox 1207 2362 1370 2456; x_wconf 82' lang='lat' dir='ltr'><em>requirit,</em></span> <span class='ocrx_word' id='word_1_176' title='bbox 1388 2356 1423 2430; x_wconf 78' lang='lat' dir='ltr'><em>bt</em></span> <span class='ocrx_word' id='word_1_177' title='bbox 1438 2356 1553 2433; x_wconf 80' lang='lat' dir='ltr'><em>fimi·-</em></span> 
     </span>
    </p>
   </div>
   <div class='ocr_carea' id='block_1_3' title="bbox 187 2449 1552 2652">
    <p class='ocr_par' dir='ltr' id='par_1_4' title="bbox 187 2449 1552 2652">
     <span class='ocr_line' id='line_1_23' title="bbox 187 2449 1539 2566; baseline 0.015 -49"><span class='ocrx_word' id='word_1_178' title='bbox 187 2532 219 2566; x_wconf 49' lang='grc' dir='ltr'>Μ</span> <span class='ocrx_word' id='word_1_179' title='bbox 254 2470 302 2504; x_wconf 77' lang='lat'><em>·²¹</em></span> <span class='ocrx_word' id='word_1_180' title='bbox 319 2469 341 2506; x_wconf 83' lang='lat'><em>¹·</em></span> <span class='ocrx_word' id='word_1_181' title='bbox 379 2470 400 2518; x_wconf 89' lang='lat' dir='ltr'><em>e</em></span> <span class='ocrx_word' id='word_1_182' title='bbox 419 2449 520 2546; x_wconf 74' lang='lat' dir='ltr'><em>plane</em></span> <span class='ocrx_word' id='word_1_183' title='bbox 534 2454 707 2526; x_wconf 87' lang='lat' dir='ltr'><em>oraculum</em></span> <span class='ocrx_word' id='word_1_184' title='bbox 721 2455 834 2547; x_wconf 84' lang='lat' dir='ltr'><em>Jesaiae</em></span> <span class='ocrx_word' id='word_1_185' title='bbox 851 2472 879 2546; x_wconf 88' lang='lat'><em>,&#39;</em></span> <span class='ocrx_word' id='word_1_186' title='bbox 894 2459 930 2528; x_wconf 93' lang='lat' dir='ltr'><em>in</em></span> <span class='ocrx_word' id='word_1_187' title='bbox 945 2455 1014 2529; x_wconf 86' lang='lat' dir='ltr'><em>fine</em></span> <span class='ocrx_word' id='word_1_188' title='bbox 1027 2456 1126 2550; x_wconf 79' lang='lat' dir='ltr'><em>hujus</em></span> <span class='ocrx_word' id='word_1_189' title='bbox 1139 2455 1265 2546; x_wconf 82' lang='lat' dir='ltr'><em>Libri,</em></span> <span class='ocrx_word' id='word_1_190' title='bbox 1295 2457 1357 2529; x_wconf 93' lang='lat' dir='ltr'><em>ubi</em></span> <span class='ocrx_word' id='word_1_191' title='bbox 1370 2458 1405 2531; x_wconf 90' lang='lat' dir='ltr'><em>id</em></span> <span class='ocrx_word' id='word_1_192' title='bbox 1419 2456 1539 2556; x_wconf 78' lang='lat' dir='ltr'><em>ipsum</em></span> 
     </span>
     <span class='ocr_line' id='line_1_24' title="bbox 222 2546 1552 2652; baseline 0.009 -34"><span class='ocrx_word' id='word_1_193' title='bbox 222 2550 230 2566; x_wconf 85' lang='lat'><strong><em>&#39;</em></strong></span> <span class='ocrx_word' id='word_1_194' title='bbox 367 2546 460 2643; x_wconf 88' lang='lat' dir='ltr'><em>quod</em></span> <span class='ocrx_word' id='word_1_195' title='bbox 474 2549 530 2622; x_wconf 92' lang='lat' dir='ltr'><em>hic</em></span> <span class='ocrx_word' id='word_1_196' title='bbox 545 2551 671 2624; x_wconf 87' lang='lat' dir='ltr'><em>dicitur</em></span> <span class='ocrx_word' id='word_1_197' title='bbox 684 2550 816 2625; x_wconf 86' lang='lat' dir='ltr'><em>uberius</em></span> <span class='ocrx_word' id='word_1_198' title='bbox 830 2555 1025 2627; x_wconf 82' lang='lat' dir='ltr'><em>declaratur.</em></span> <span class='ocrx_word' id='word_1_199' title='bbox 1051 2554 1106 2626; x_wconf 90' lang='lat' dir='ltr'><em>Ad</em></span> <span class='ocrx_word' id='word_1_200' title='bbox 1121 2555 1270 2628; x_wconf 90' lang='lat' dir='ltr'><em>nostrum</em></span> <span class='ocrx_word' id='word_1_201' title='bbox 1285 2578 1377 2628; x_wconf 90' lang='lat' dir='ltr'><em>nunc</em></span> <span class='ocrx_word' id='word_1_202' title='bbox 1392 2555 1552 2652; x_wconf 79' lang='lat' dir='ltr'><em>scopum·</em></span> 
     </span>
    </p>
   </div>
   <div class='ocr_carea' id='block_1_4' title="bbox 216 2644 1542 3140">
    <p class='ocr_par' dir='ltr' id='par_1_5' title="bbox 216 2644 1542 3140">
     <span class='ocr_line' id='line_1_25' title="bbox 367 2644 1540 2748; baseline 0.012 -31"><span class='ocrx_word' id='word_1_203' title='bbox 367 2644 403 2717; x_wconf 90' lang='lat' dir='ltr'><em>id</em></span> <span class='ocrx_word' id='word_1_204' title='bbox 417 2646 630 2723; x_wconf 83' lang='lat' dir='ltr'><em>solummodo</em></span> <span class='ocrx_word' id='word_1_205' title='bbox 645 2651 819 2725; x_wconf 88' lang='lat' dir='ltr'><em>observare</em></span> <span class='ocrx_word' id='word_1_206' title='bbox 831 2655 978 2740; x_wconf 84' lang='lat' dir='ltr'><em>attinet,</em></span> <span class='ocrx_word' id='word_1_207' title='bbox 1009 2652 1137 2735; x_wconf 77' lang='lat' dir='ltr'><em>officione</em></span> <span class='ocrx_word' id='word_1_208' title='bbox 1150 2651 1232 2723; x_wconf 90' lang='lat' dir='ltr'><em>iliud</em></span> <span class='ocrx_word' id='word_1_209' title='bbox 1247 2701 1261 2741; x_wconf 92' lang='lat'><em>,</em></span> <span class='ocrx_word' id='word_1_210' title='bbox 1292 2654 1385 2748; x_wconf 82' lang='lat' dir='ltr'><em>quod</em></span> <span class='ocrx_word' id='word_1_211' title='bbox 1399 2654 1540 2731; x_wconf 72' lang='lat' dir='ltr'><em>Gentes</em></span> 
     </span>
     <span class='ocr_line' id='line_1_26' title="bbox 369 2742 1540 2848; baseline 0.011 -33"><span class='ocrx_word' id='word_1_212' title='bbox 369 2742 426 2815; x_wconf 89' lang='lat' dir='ltr'><em>hic</em></span> <span class='ocrx_word' id='word_1_213' title='bbox 440 2748 785 2844; x_wconf 77' lang='lat' dir='ltr'><em>prastarentjudaeis,</em></span> <span class='ocrx_word' id='word_1_214' title='bbox 810 2747 995 2848; x_wconf 69' lang='lat' dir='ltr'><em>respestum</em></span> <span class='ocrx_word' id='word_1_215' title='bbox 1003 2748 1389 2848; x_wconf 79' lang='lat' dir='ltr'><em>habereadReligionem,</em></span> <span class='ocrx_word' id='word_1_216' title='bbox 1415 2754 1540 2835; x_wconf 77' lang='lat' dir='ltr'><em>aceffe</em></span> 
     </span>
     <span class='ocr_line' id='line_1_27' title="bbox 366 2842 1542 2944; baseline 0.014 -35"><span class='ocrx_word' id='word_1_217' title='bbox 366 2842 529 2930; x_wconf 63' lang='lat' dir='ltr'><em>initiale.</em></span> <span class='ocrx_word' id='word_1_218' title='bbox 557 2847 685 2939; x_wconf 76' lang='lat' dir='ltr'><em>judaeis</em></span> <span class='ocrx_word' id='word_1_219' title='bbox 705 2872 829 2944; x_wconf 86' lang='lat' dir='ltr'><em>nempe</em></span> <span class='ocrx_word' id='word_1_220' title='bbox 849 2867 1019 2944; x_wconf 87' lang='lat' dir='ltr'><em>quotquot</em></span> <span class='ocrx_word' id='word_1_221' title='bbox 1039 2850 1169 2919; x_wconf 81' lang='lat' dir='ltr'><em>animus</em></span> <span class='ocrx_word' id='word_1_222' title='bbox 1190 2847 1269 2917; x_wconf 77' lang='lat' dir='ltr'><em>ess&#39;et</em></span> <span class='ocrx_word' id='word_1_223' title='bbox 1285 2845 1400 2916; x_wconf 88' lang='lat' dir='ltr'><em>Deum</em></span> <span class='ocrx_word' id='word_1_224' title='bbox 1416 2851 1542 2926; x_wconf 78' lang='lat' dir='ltr'><em>colere</em></span> 
     </span>
     <span class='ocr_line' id='line_1_28' title="bbox 216 2865 1542 3049; baseline 0.009 -43"><span class='ocrx_word' id='word_1_225' title='bbox 216 2939 266 3006; x_wconf 64' lang='lat' dir='ltr'><em>tet</em></span> <span class='ocrx_word' id='word_1_226' title='bbox 276 2955 311 2993; x_wconf 84' lang='lat' dir='ltr'><em>u·</em></span> <span class='ocrx_word' id='word_1_227' title='bbox 320 2953 341 2997; x_wconf 81' lang='lat' dir='ltr'><em>s·</em></span> <span class='ocrx_word' id='word_1_228' title='bbox 368 2865 552 3049; x_wconf 46' lang='lat' dir='ltr'><em>{eundum</em></span> <span class='ocrx_word' id='word_1_229' title='bbox 573 2945 806 3043; x_wconf 77' lang='lat' dir='ltr'><em>praescriptum</em></span> <span class='ocrx_word' id='word_1_230' title='bbox 819 2973 899 3016; x_wconf 85' lang='lat' dir='ltr'><em>nove</em></span> <span class='ocrx_word' id='word_1_231' title='bbox 913 2945 999 3018; x_wconf 89' lang='lat' dir='ltr'><em>illius</em></span> <span class='ocrx_word' id='word_1_232' title='bbox 1013 2951 1057 3018; x_wconf 84' lang='lat' dir='ltr'><em>Le</em></span> <span class='ocrx_word' id='word_1_233' title='bbox 1076 2952 1104 3013; x_wconf 82' lang='lat' dir='ltr'><em>t‘t</em></span> <span class='ocrx_word' id='word_1_234' title='bbox 1118 2961 1166 3017; x_wconf 64' lang='grc' dir='ltr'><em>ω’</em></span> <span class='ocrx_word' id='word_1_235' title='bbox 1179 2948 1351 3028; x_wconf 74' lang='lat' dir='ltr'><em>Dolirine,</em></span> <span class='ocrx_word' id='word_1_236' title='bbox 1380 2964 1459 3037; x_wconf 86' lang='lat' dir='ltr'><em>quae</em></span> <span class='ocrx_word' id='word_1_237' title='bbox 1474 2971 1542 3018; x_wconf 82' lang='lat' dir='ltr'><em>no·</em></span> 
     </span>
     <span class='ocr_line' id='line_1_29' title="bbox 369 2973 1541 3140; baseline 0.006 -38"><span class='ocrx_word' id='word_1_238' title='bbox 369 3037 497 3129; x_wconf 68' lang='lat' dir='ltr'><em>otffims</em></span> <span class='ocrx_word' id='word_1_239' title='bbox 509 3041 689 3140; x_wconf 79' lang='lat' dir='ltr'><em>tenporibus-</em></span> <span class='ocrx_word' id='word_1_240' title='bbox 700 3050 795 3115; x_wconf 78' lang='lat' dir='ltr'><em>exiret</em></span> <span class='ocrx_word' id='word_1_241' title='bbox 808 3072 847 3115; x_wconf 79' lang='lat' dir='ltr'><em>ex</em></span> <span class='ocrx_word' id='word_1_242' title='bbox 862 3050 962 3115; x_wconf 86' lang='lat' dir='ltr'><em>Zione</em></span> <span class='ocrx_word' id='word_1_243' title='bbox 975 3092 988 3133; x_wconf 96' lang='lat'><em>,</em></span> <span class='ocrx_word' id='word_1_244' title='bbox 1019 2973 1162 3115; x_wconf 77' lang='lat' dir='ltr'><em>sublidio</em></span> <span class='ocrx_word' id='word_1_245' title='bbox 1175 3039 1275 3110; x_wconf 81' lang='lat' dir='ltr'><em>effent</em></span> <span class='ocrx_word' id='word_1_246' title='bbox 1288 3036 1445 3129; x_wconf 84' lang='lat' dir='ltr'><em>Gentes,</em></span> <span class='ocrx_word' id='word_1_247' title='bbox 1472 3067 1541 3118; x_wconf 76' lang='grc' dir='ltr'><em>ω.</em></span> 
     </span>
    </p>
   </div>
   <div class='ocr_carea' id='block_1_5' title="bbox 370 3133 1541 3305">
    <p class='ocr_par' dir='ltr' id='par_1_6' title="bbox 370 3133 1541 3305">
     <span class='ocr_line' id='line_1_30' title="bbox 370 3133 1541 3305; baseline 0.011 -100"><span class='ocrx_word' id='word_1_248' title='bbox 370 3153 513 3229; x_wconf 86' lang='lat' dir='ltr'><em>rumque</em></span> <span class='ocrx_word' id='word_1_249' title='bbox 536 3137 603 3209; x_wconf 88' lang='lat' dir='ltr'><em>hoc</em></span> <span class='ocrx_word' id='word_1_250' title='bbox 617 3139 782 3213; x_wconf 88' lang='lat' dir='ltr'><em>laudabile</em></span> <span class='ocrx_word' id='word_1_251' title='bbox 797 3141 986 3215; x_wconf 84' lang='lat' dir='ltr'><em>institutum</em></span> <span class='ocrx_word' id='word_1_252' title='bbox 998 3140 1215 3305; x_wconf 58' lang='lat' dir='ltr'><em>qualitunppp</em></span> <span class='ocrx_word' id='word_1_253' title='bbox 1229 3133 1333 3207; x_wconf 88' lang='lat' dir='ltr'><em>modo</em></span> <span class='ocrx_word' id='word_1_254' title='bbox 1346 3159 1541 3233; x_wconf 75' lang='lat' dir='ltr'><em>promovet·</em></span> 
     </span>
    </p>
   </div>
   <div class='ocr_carea' id='block_1_6' title="bbox 369 3233 1541 4095">
    <p class='ocr_par' dir='ltr' id='par_1_7' title="bbox 369 3233 1541 4095">
     <span class='ocr_line' id='line_1_31' title="bbox 371 3233 1540 3337; baseline 0.015 -40"><span class='ocrx_word' id='word_1_255' title='bbox 371 3250 458 3337; x_wconf 83' lang='lat' dir='ltr'><em>rent.</em></span> <span class='ocrx_word' id='word_1_256' title='bbox 482 3233 643 3308; x_wconf 87' lang='lat' dir='ltr'><em>Tettium</em></span> <span class='ocrx_word' id='word_1_257' title='bbox 654 3236 726 3332; x_wconf 90' lang='lat' dir='ltr'><em>jam</em></span> <span class='ocrx_word' id='word_1_258' title='bbox 740 3239 951 3313; x_wconf 86' lang='lat' dir='ltr'><em>Beneficium</em></span> <span class='ocrx_word' id='word_1_259' title='bbox 967 3240 1019 3310; x_wconf 90' lang='lat' dir='ltr'><em>his</em></span> <span class='ocrx_word' id='word_1_260' title='bbox 1033 3244 1157 3334; x_wconf 74' lang='lat' dir='ltr'><em>conjuro</em></span> <span class='ocrx_word' id='word_1_261' title='bbox 1214 3258 1272 3322; x_wconf 91' lang='lat' dir='ltr'><em>m,</em></span> <span class='ocrx_word' id='word_1_262' title='bbox 1292 3235 1388 3330; x_wconf 91' lang='lat' dir='ltr'><em>quod</em></span> <span class='ocrx_word' id='word_1_263' title='bbox 1402 3239 1540 3331; x_wconf 69' lang='lat' dir='ltr'><em>judaeis</em></span> 
     </span>
     <span class='ocr_line' id='line_1_32' title="bbox 372 3327 1538 3432; baseline 0.011 -37"><span class='ocrx_word' id='word_1_264' title='bbox 372 3327 524 3404; x_wconf 86' lang='lat' dir='ltr'><em>vmdicat</em></span> <span class='ocrx_word' id='word_1_265' title='bbox 542 3336 734 3432; x_wconf 76' lang='lat' dir='ltr'><em>poffitffionem</em></span> <span class='ocrx_word' id='word_1_266' title='bbox 754 3341 882 3407; x_wconf 72' lang='lat' dir='ltr'><em>ilienses</em></span> <span class='ocrx_word' id='word_1_267' title='bbox 904 3342 1045 3409; x_wconf 78' lang='lat' dir='ltr'><em>Gnosium</em></span> <span class='ocrx_word' id='word_1_268' title='bbox 1066 3335 1286 3406; x_wconf 75' lang='lat' dir='ltr'><em>heretlnotiant</em></span> <span class='ocrx_word' id='word_1_269' title='bbox 1307 3341 1340 3403; x_wconf 86' lang='lat' dir='ltr'><em>t&#39;n</em></span> <span class='ocrx_word' id='word_1_270' title='bbox 1355 3335 1465 3429; x_wconf 72' lang='lat' dir='ltr'><em>[noos</em></span> <span class='ocrx_word' id='word_1_271' title='bbox 1487 3340 1538 3414; x_wconf 60' lang='lat' dir='ltr'><em>vs</em></span> 
     </span>
     <span class='ocr_line' id='line_1_33' title="bbox 371 3431 1540 3534; baseline 0.016 -42"><span class='ocrx_word' id='word_1_272' title='bbox 371 3432 517 3517; x_wconf 80' lang='lat' dir='ltr'><em>ancillas,</em></span> <span class='ocrx_word' id='word_1_273' title='bbox 540 3453 720 3528; x_wconf 86' lang='lat' dir='ltr'><em>earumque</em></span> <span class='ocrx_word' id='word_1_274' title='bbox 733 3440 969 3534; x_wconf 76' lang='lat' dir='ltr'><em>captivationem</em></span> <span class='ocrx_word' id='word_1_275' title='bbox 980 3431 1016 3500; x_wconf 79' lang='lat' dir='ltr'><em>bt</em></span> <span class='ocrx_word' id='word_1_276' title='bbox 1024 3431 1234 3524; x_wconf 78' lang='lat' dir='ltr'><em>fttb&#39;ellionem</em></span> <span class='ocrx_word' id='word_1_277' title='bbox 1248 3465 1262 3517; x_wconf 66' lang='grc' dir='ltr'>ς</span> <span class='ocrx_word' id='word_1_278' title='bbox 1287 3456 1358 3528; x_wconf 92' lang='lat' dir='ltr'><em>quo</em></span> <span class='ocrx_word' id='word_1_279' title='bbox 1371 3434 1466 3507; x_wconf 75' lang='lat' dir='ltr'><em>l&#39;enl&#39;u</em></span> <span class='ocrx_word' id='word_1_280' title='bbox 1479 3460 1540 3511; x_wconf 77' lang='lat' dir='ltr'><em>ae·</em></span> 
     </span>
     <span class='ocr_line' id='line_1_34' title="bbox 371 3459 1539 3633; baseline 0.014 -44"><span class='ocrx_word' id='word_1_281' title='bbox 371 3522 563 3615; x_wconf 87' lang='lat' dir='ltr'><em>cipiemus?</em></span> <span class='ocrx_word' id='word_1_282' title='bbox 600 3529 863 3617; x_wconf 86' lang='lat' dir='ltr'><em>Dicendumne,</em></span> <span class='ocrx_word' id='word_1_283' title='bbox 900 3528 1032 3599; x_wconf 89' lang='lat' dir='ltr'><em>Gentes</em></span> <span class='ocrx_word' id='word_1_284' title='bbox 1062 3459 1157 3613; x_wconf 77' lang='lat' dir='ltr'><em>ilas,</em></span> <span class='ocrx_word' id='word_1_285' title='bbox 1195 3551 1274 3620; x_wconf 84' lang='lat' dir='ltr'><em>quae</em></span> <span class='ocrx_word' id='word_1_286' title='bbox 1305 3530 1339 3603; x_wconf 89' lang='lat' dir='ltr'><em>se</em></span> <span class='ocrx_word' id='word_1_287' title='bbox 1367 3531 1539 3633; x_wconf 79' lang='lat' dir='ltr'><em>adjunge-</em></span> 
     </span>
     <span class='ocr_line' id='line_1_35' title="bbox 370 3620 1538 3727; baseline 0.015 -40"><span class='ocrx_word' id='word_1_288' title='bbox 370 3640 447 3692; x_wconf 88' lang='lat' dir='ltr'><em>tent</em></span> <span class='ocrx_word' id='word_1_289' title='bbox 468 3623 594 3715; x_wconf 78' lang='lat' dir='ltr'><em>judaeis</em></span> <span class='ocrx_word' id='word_1_290' title='bbox 616 3633 773 3727; x_wconf 66' lang='lat' dir='ltr'><em>religionis</em></span> <span class='ocrx_word' id='word_1_291' title='bbox 795 3620 920 3726; x_wconf 71' lang='lat' dir='ltr'><em>tettssi,</em></span> <span class='ocrx_word' id='word_1_292' title='bbox 958 3621 1002 3692; x_wconf 85' lang='lat' dir='ltr'><em>ab</em></span> <span class='ocrx_word' id='word_1_293' title='bbox 1025 3623 1065 3691; x_wconf 90' lang='lat' dir='ltr'><em>iis</em></span> <span class='ocrx_word' id='word_1_294' title='bbox 1089 3623 1257 3715; x_wconf 87' lang='lat' dir='ltr'><em>corporali</em></span> <span class='ocrx_word' id='word_1_295' title='bbox 1273 3629 1379 3701; x_wconf 91' lang='lat' dir='ltr'><em>modo</em></span> <span class='ocrx_word' id='word_1_296' title='bbox 1394 3631 1538 3705; x_wconf 77' lang='lat' dir='ltr'><em>&#39;encoe-</em></span> 
     </span>
     <span class='ocr_line' id='line_1_36' title="bbox 371 3713 1537 3826; baseline 0.009 -35"><span class='ocrx_word' id='word_1_297' title='bbox 371 3723 565 3812; x_wconf 83' lang='lat' dir='ltr'><em>cupandas,</em></span> <span class='ocrx_word' id='word_1_298' title='bbox 596 3724 828 3821; x_wconf 84' lang='lat' dir='ltr'><em>poflidendas,</em></span> <span class='ocrx_word' id='word_1_299' title='bbox 860 3737 898 3789; x_wconf 89' lang='lat' dir='ltr'><em>ut</em></span> <span class='ocrx_word' id='word_1_300' title='bbox 910 3723 1063 3819; x_wconf 59' lang='grc' dir='ltr'><em>Μαρία</em></span> <span class='ocrx_word' id='word_1_301' title='bbox 1076 3713 1245 3792; x_wconf 85' lang='lat' dir='ltr'><em>habendas</em></span> <span class='ocrx_word' id='word_1_302' title='bbox 1260 3724 1537 3826; x_wconf 74' lang='lat' dir='ltr'><em>ttaeundasque,</em></span> 
     </span>
     <span class='ocr_line' id='line_1_37' title="bbox 371 3808 1537 3922; baseline 0.012 -38"><span class='ocrx_word' id='word_1_303' title='bbox 371 3811 408 3883; x_wconf 71' lang='grc' dir='ltr'>ἃ</span> <span class='ocrx_word' id='word_1_304' title='bbox 427 3820 505 3889; x_wconf 81' lang='lat' dir='ltr'><em>duro</em></span> <span class='ocrx_word' id='word_1_305' title='bbox 525 3829 649 3922; x_wconf 75' lang='lat' dir='ltr'><em>imperio</em></span> <span class='ocrx_word' id='word_1_306' title='bbox 667 3822 704 3892; x_wconf 94' lang='lat' dir='ltr'><em>in</em></span> <span class='ocrx_word' id='word_1_307' title='bbox 716 3817 830 3891; x_wconf 88' lang='lat' dir='ltr'><em>officio</em></span> <span class='ocrx_word' id='word_1_308' title='bbox 844 3808 1082 3886; x_wconf 78' lang='lat' dir='ltr'><em>continendas?</em></span> <span class='ocrx_word' id='word_1_309' title='bbox 1106 3814 1213 3889; x_wconf 77' lang='lat' dir='ltr'><em>Certe</em></span> <span class='ocrx_word' id='word_1_310' title='bbox 1231 3818 1254 3892; x_wconf 83' lang='lat' dir='ltr'>fi</span> <span class='ocrx_word' id='word_1_311' title='bbox 1271 3823 1306 3893; x_wconf 94' lang='lat' dir='ltr'><em>id</em></span> <span class='ocrx_word' id='word_1_312' title='bbox 1320 3826 1369 3895; x_wconf 87' lang='lat' dir='ltr'><em>ita</em></span> <span class='ocrx_word' id='word_1_313' title='bbox 1383 3825 1416 3895; x_wconf 84' lang='lat' dir='ltr'><em>se</em></span> <span class='ocrx_word' id='word_1_314' title='bbox 1429 3823 1537 3899; x_wconf 83' lang='lat' dir='ltr'><em>habe·</em></span> 
     </span>
     <span class='ocr_line' id='line_1_38' title="bbox 369 3909 1541 4094; baseline 0.015 -110"><span class='ocrx_word' id='word_1_315' title='bbox 369 3933 446 4005; x_wconf 83' lang='lat' dir='ltr'><em>ret,</em></span> <span class='ocrx_word' id='word_1_316' title='bbox 477 3917 756 4015; x_wconf 78' lang='lat' dir='ltr'><em>volstatueudum</em></span> <span class='ocrx_word' id='word_1_317' title='bbox 770 3913 838 4006; x_wconf 86' lang='lat' dir='ltr'><em>est,</em></span> <span class='ocrx_word' id='word_1_318' title='bbox 867 3909 1362 4020; x_wconf 75' lang='lat' dir='ltr'><em>omnesillosGentesseipsas</em></span> <span class='ocrx_word' id='word_1_319' title='bbox 1374 3919 1541 4094; x_wconf 55' lang='lat' dir='ltr'><em>fibmoluffi</em></span> 
     </span>
     <span class='ocr_line' id='line_1_39' title="bbox 1409 4039 1434 4095; baseline 0 0"><span class='ocrx_word' id='word_1_320' title='bbox 1409 4039 1434 4095; x_wconf 73' lang='lat' dir='ltr'>V</span> 
     </span>
    </p>
   </div>
   <div class='ocr_carea' id='block_1_7' title="bbox 1193 4256 1200 4344">
    <p class='ocr_par' dir='ltr' id='par_1_8' title="bbox 1193 4256 1200 4344">
     <span class='ocr_line' id='line_1_40' title="bbox 1193 4256 1200 4344; baseline 0 0"><span class='ocrx_word' id='word_1_321' title='bbox 1193 4256 1200 4344; x_wconf 79' lang='lat' dir='ltr'><em>i</em></span> 
     </span>
    </p>
   </div>
   <div class='ocr_carea' id='block_1_8' title="bbox 0 0 1740 4718">
    <p class='ocr_par' dir='ltr' id='par_1_9' title="bbox 0 0 1740 4718">
     <span class='ocr_line' id='line_1_41' title="bbox 0 0 1740 4718; baseline 0 0"><span class='ocrx_word' id='word_1_322' title='bbox 0 0 1740 4718; x_wconf 95' lang='lat' dir='ltr'><em> </em></span> 
     </span>
    </p>
   </div>
  </div>
 </body>
</html>
