3456 4718
130 283 336 369 Canlll.
427 287 1038 370 Exriaainnmmcn
1214 307 1295 395 129

129 448 260 510 mrum,
294 425 329 494 in
344 399 489 520 qubrum
505 419 660 493 societate
676 418 835 493 haetenus
848 422 1033 514 vixenrnt,
1057 423 1093 495 in
1108 424 1204 522 gravi
1218 423 1296 499 casu

127 542 198 592 non
212 521 351 591 dossrinae
366 540 495 592 tantum
514 543 573 614 per
587 517 727 591 haerefin
743 516 893 608 infecta,
920 522 1029 616 (quod
1045 545 1294 596 omnesconce·

127 617 214 692 dunt
225 622 256 704 2)
288 619 343 690 sed
359 618 393 688 ὃ(
409 624 600 718 corruptione
614 618 887 713 praedominantis
902 645 1045 710 morum,
1076 642 1145 717 que
1159 640 1293 696 coetum

127 714 292 811 ejusmodi
307 717 470 789 invaserit.
507 718 622 805 Pone,
646 736 804 812 magnam
820 713 1088 788 Christianorum
1104 717 1294 790 multitudi-

128 835 230 901 netm
255 837 313 910 per
328 811 563 908 amplissimum
578 810 724 885 traslum
739 810 829 883 orbis
845 832 1006 885 terrarum
1015 812 1189 905 diffusam,
1213 815 1247 885 ἃ
1258 816 1294 890 in

127 909 241 1006 plures
252 931 363 983 coetus
380 912 593 1007 particulares
608 911 767 999 divisam,
792 908 901 981 labem
918 914 1116 986 contrahere
1126 917 1159 984 in
1167 912 1294 985 doetri-

127 1030 190 1095 na,
215 1008 329 1098 cultu,
355 1029 414 1082 aut
428 1007 578 1082 moribus
592 1008 825 1081 insanabilem:
852 1007 968 1080 licebit
982 1013 1099 1104 utique
1114 1011 1198 1081 mihi
1213 1019 1293 1085 inre·

123 1105 186 1204 gns
198 1106 375 1178 corbiensis
389 1132 445 1179 me
459 1109 605 1201 separare
611 1106 653 1177 ab
662 1106 749 1177 illius
757 1104 1186 1197 Ecclesraecommunione,
1211 1132 1292 1184 curn

127 1227 193 1299 qua
207 1203 368 1278 haetenus
384 1229 454 1276 non
468 1207 559 1277 colui
574 1212 818 1275 communionem
825 1203 1025 1298 Absolutum,
1051 1206 1104 1277 sed
1113 1208 1292 1308 Hyporherr'·

81 1302 85 1307 ’
126 1326 206 1373 cam.
237 1303 388 1400 Qiando
409 1306 500 1375 eninr
522 1327 578 1372 me
591 1303 731 1396 adjunxi
745 1300 907 1393 ejusmodi
922 1311 1017 1374 Coerur'
1030 1311 1191 1392 Externa,
1222 1328 1293 1378 non

126 1399 212 1470 inivi
227 1398 303 1471 sane
318 1403 404 1473 illius
419 1402 718 1485 communionem,
742 1396 803 1467 nisi
817 1422 961 1492 quatenus
975 1426 1031 1472 me
1045 1426 1105 1497 per
1119 1401 1207 1472 illam
1224 1404 1292 1474 Ec-

126 1497 261 1568 clesiam
277 1501 372 1569 unire
384 1498 512 1592 possem
526 1522 599 1565 vero
615 1501 739 1597 Corpori
752 1496 866 1591 nysico
881 1498 1014 1586 Chnfli:
1041 1499 1132 1593 quod
1147 1522 1225 1569 cum
1241 1501 1292 1572 vi·

127 1593 226 1664 deam
243 1618 298 1664 me
310 1595 469 1688 consequi
484 1616 554 1669 non
569 1591 661 1686 posse
676 1594 710 1663 in
725 1591 979 1663 Communione
993 1595 1170 1665 hominum
1181 1599 1293 1689 super·

126 1688 333 1762 stitiosorum
348 1689 598 1775 &camalium3
624 1688 1293 1785 ratiosuadetiubetqueillorumdeserere

127 1789 416 1862 communionem.
440 1789 546 1884 Qrod
560 1807 675 1859 tamen
688 1811 859 1884 nunquam
874 1788 1084 1878 faciendum,
1109 1787 1171 1860 nist
1185 1810 1294 1862 extre·

127 1908 186 1957 ma
200 1908 262 1955 nos
275 1886 316 1958 ad
333 1887 368 1959 id
385 1889 492 1985 egerit
506 1884 689 1958 necessitas.
721 1889 756 1970 β.
781 1887 854 1980 Qui
868 1885 900 1958 se
909 1889 1027 1985 separat
1040 1885 1293 1961 alCommunio·
1381 1952 1388 1965 „

127 2005 171 2055 ne
184 1983 325 2056 aliomm
339 1984 507 2058 Coetuum
522 1983 810 2072 Christianorum,
832 1983 867 2061 se
880 1982 923 2056 ab
939 1987 979 2054 iis
992 1982 1139 2080 separare
1152 2009 1223 2056 non
1236 1984 1294 2056 ab·

119 2079 235 2175 solure',
260 2082 474 2178 sedreflriesi,
498 2081 535 2153 &
549 2083 767 2173 conditionate,
792 2101 957 2179 quatenus
972 2082 1293 2180 Ecclefiaejusmodi

125 2179 164 2250 in
177 2177 253 2252 labe
266 2181 302 2253 &
316 2184 404 2255 vitio
417 2183 476 2255 cst.
502 2184 533 2254 A
548 2181 687 2253 meliore
701 2184 791 2254 enim
806 2200 918 2278 parte,
943 2205 1019 2276 quae
1034 2181 1121 2253 sorte
1129 2184 1164 2252 in
1171 2206 1209 2254 ea
1215 2181 1293 2257 reli·

125 2275 193 2349 dua
207 2278 276 2369 est,
300 2306 356 2352 me
371 2279 530 2354 haetenus
544 2302 613 2351 non
627 2278 753 2374 separo.
777 2281 868 2375 Quae
884 2279 1292 2378 sola&unicapotestelse

124 2375 253 2464 caussa,
277 2380 368 2473 quod
385 2381 591 2483 Bapnsmum,
616 2378 650 2446 in
665 2376 734 2470 ipsa
746 2377 929 2451 Pontificio
943 2378 1112 2466 Ecclesia,
1137 2378 1292 2474 aquasc-

125 2470 304 2544 ceffionem
319 2475 485 2564 fecimus,
522 2473 810 2561 administratum,
835 2497 905 2544 non
919 2494 1117 2570 repetamus.
1149 2477 1185 2546 Si
1199 2477 1291 2549 enim

125 2573 235 2644 ὁπλὸς
241 2575 422 2669 fimplicr'ter
436 2573 470 2641 ὃ(
486 2569 614 2660 asrfhsure'
627 2593 688 2641 nos
703 2570 934 2667 separassemus
947 2569 990 2642 ab
1005 2572 1293 2643 illiusCammrrrrio·

125 2690 181 2738 ne:
208 2665 389 2762 baptismus
403 2667 576 2740 Pontificii
591 2668 756 2756 hominis,
782 2670 816 2738 in
831 2667 977 2738 nostram
992 2667 1293 2741 transeuntiscom·

124 2767 344 2856 munionem,
370 2766 672 2862 cssetrepetendus.
698 2764 1290 2863 quodtamenusuapudnosnonob·

125 2863 226 2935 tinet.
250 2864 481 2959 separavimus
495 2862 744 2954 nosaberrore,
769 2863 1020 2960 superstitione,
1044 2863 1291 2938 &labchclo

123 2958 181 3034 fiat·
198 2963 408 3053 Pontificiae,
433 2964 469 3036 ὃ(
484 2968 502 3034 a
517 2965 919 3034 communioneomnium
928 2963 1080 3052 illorum,
1104 2963 1291 3060 qui&qua·

124 3080 210 3132 renus
224 3062 288 3134 illis
302 3065 394 3135 vitiis
409 3065 661 3158 patrocinantur
675 3093 688 3147 3
713 3060 768 3133 sed
785 3060 808 3131 st
823 3063 881 3156 qui
895 3057 981 3131 sorte
994 3063 1029 3131 in
1046 3059 1207 3134 Coetibus
1222 3061 1290 3134 Ec·

126 3157 234 3231 clefia·
249 3159 472 3232 Romanensrs
488 3159 706 3254 superessent,
731 3161 788 3253 qui
802 3161 917 3229 animo
924 3158 1109 3231 aversantes
1116 3160 1291 3257 sanguina·

126 3254 175 3326 ria
190 3256 374 3331 Rectorum
392 3261 524 3332 suorum
540 3257 696 3346 consilia,
722 3255 757 3327 ὅ(
773 3257 907 3328 crassam
919 3258 1004 3328 illius
1014 3255 1291 3353 Ecclesiaeluper·
1399 3325 1405 3330 .

127 3350 297 3426 stitionem
311 3377 411 3454 atque
426 3358 666 3429 idololatriam:
693 3354 814 3427 imbuti
830 3352 912 3428 verb
927 3356 1124 3450 praejudicio
1135 3357 1291 3428 Catholi-

128 3449 222 3521 cismi
237 3452 322 3524 illius
336 3455 518 3545 Ecclesiae,
543 3456 575 3526 se
591 3453 636 3526 ob
651 3455 740 3527 hanc
748 3453 869 3550 judicii
884 3452 932 3525 sui
947 3453 1213 3526 imbecillitatem
1229 3455 1291 3526 ha-

128 3546 247 3621 uenus
268 3573 337 3620 non
356 3553 499 3641 audeant
520 3553 667 3649 separare
688 3550 731 3624 ab
746 3552 832 3623 illius
847 3551 1008 3624 Ecclesia
1023 3554 1290 3644 communione,

128 3645 210 3720 licet
224 3646 408 3718 decaetero
423 3675 503 3748 erga
515 3652 734 3748 Religionem
750 3652 918 3746 puriorem
926 3649 1013 3721 bene
1019 3646 1132 3720 affeffl
1140 3650 1221 3722 sint:
1247 3650 1291 3723 ab

129 3746 169 3816 iis
183 3741 276 3814 certe
290 3741 325 3812 &
342 3744 472 3817 illorum
487 3776 691 3820 communione
703 3751 824 3848 applica
833 3772 893 3818 nos
904 3744 1290 3841 minimeseparavimus,

128 3865 193 3913 nec
207 3842 356 3937 separare
374 3844 552 3916 voluimus.
599 3851 702 3943 uippe
709 3871 815 3918 unum
823 3869 901 3916 cum
912 3846 949 3915 iis
958 3844 1117 3918 facientes
1124 3869 1245 3944 corpus
1254 3849 1289 3920 in

127 3939 295 4018 Domino.
320 3940 455 4038 Utique
469 3940 544 4015 talis
602 3947 775 4117 [φαναηῖἐ
799 3944 1096 4040 qualiscommmrio:
1121 3966 1200 4019 cum
1209 3967 1292 4053 con·

1194 4063 1292 4116 tiana
