3456 4718
130 290 239 373 Can.
262 288 315 367 10'
387 300 390 311 '
457 283 653 374 Adversus
681 288 1019 372 Manenauun.
1214 313 1296 396 237

130 430 192 503 dus
206 431 337 504 Gratiae
351 481 365 522 ,
397 426 550 502 {Meuia
566 427 806 523 praedicatum,
830 423 909 496 esset
922 426 1173 519 confirmandum.
1203 430 1298 530 Qrae

129 529 267 601 tandem
286 530 458 625 exciperet
473 529 592 598 durum
611 524 717 596 fatum
734 521 965 596 subvertendae
980 546 1042 618 per·
1055 523 1191 598 Ducem
1202 552 1296 621 pere·

174 628 239 696 inae
256 625 381 698 Gentis
396 627 480 697 illius
495 619 752 718 Reipublicae&
762 621 940 707 Civitatis,
964 645 1039 716 quae
1047 622 1296 720 LegesalChri·

129 645 184 797 fib
199 726 351 818 accipere
366 722 548 812 recusarat,
572 722 607 791 &
623 721 655 791 l'e
669 718 739 814 ejus
751 718 846 791 cade
861 717 896 788 ὅ(
912 719 1071 816 sanguine
1085 720 1296 797 nondubita-

131 840 183 895 rat
198 822 356 917 polluere.
381 823 469 894 Hac
484 823 613 892 summa
626 819 675 890 est
691 816 874 913 praestantis
889 816 1153 911 hujusOraculi,
1178 821 1212 891 in
1221 842 1296 916 par·

133 934 184 992 tes
199 919 268 991 suas
283 919 446 992 distradli:
472 918 548 1007 hic,
572 940 673 1012 quem
690 914 923 1002 exhibuimus,
948 915 1195 987 fatorumordo.

180 1021 228 1094 V.
254 1016 341 1088 Non
356 1019 549 1090 hasrtarunt
563 1035 676 1087 autem
691 1013 874 1085 Christiani
889 1012 1108 1107 interpretes,
1133 1015 1189 1110 qui
1205 1013 1294 1089 hanc

130 1116 349 1211 Prophetiam
368 1115 386 1187 a
403 1119 517 1212 primis
532 1112 693 1185 Eccleliae
707 1110 916 1204 temporibus
931 1112 1126 1209 diligentius
1141 1115 1295 1208 inspexe-

128 1233 207 1287 runt
221 1212 257 1285 ὅ(
273 1213 483 1303 tractarunt,
508 1215 590 1307 quin
606 1213 640 1280 in
656 1209 751 1281 eade
765 1208 878 1302 Christo
892 1230 1066 1305 ageretur,
1091 1209 1127 1280 ὅ(
1142 1211 1217 1283 fatis
1230 1212 1294 1306 Ju-

126 1306 264 1398 daismi,
288 1311 418 1385 Christi
431 1313 507 1407 Jel'u
522 1307 886 1403 parapaculequuturis.
913 1305 1181 1380 Videbantenim
1191 1309 1294 1384 Chri·

126 1410 216 1485 stum
228 1408 342 1500 lesum
358 1407 466 1504 ipsum
482 1409 516 1477 in
533 1411 707 1504 Evangelio
722 1407 890 1492 Maubai,
915 1407 1083 1478 excidium
1098 1406 1291 1508 Hierosoly·
1305 1426 1473 1492 caumana

126 1505 627 1591 tnaeUrbishicmemoratum,
652 1500 1133 1595 disertcteferreadultimum,
1157 1504 1290 1580 lueluo·

127 1605 220 1692 sum,
246 1601 283 1673 ὃ(
297 1602 538 1699 poenitendum
554 1600 639 1672 illius
656 1598 762 1672 Urbis
778 1600 813 1670 ὅ(
827 1599 955 1693 Judaeae
966 1601 1089 1673 Gentis
1096 1602 1227 1691 casum,
1252 1604 1290 1677 δί

126 1698 295 1774 beneficia
307 1698 524 1798 ampliffima,
547 1723 623 1794 quae
640 1698 734 1771 Deus
750 1696 910 1770 Ecclesrae
925 1699 959 1770 in
975 1704 1083 1797 prima
1090 1721 1184 1797 parte
1192 1702 1293 1799 hujus

127 1799 270 1873 Oraculi
284 1800 475 1896 promittit,
500 1821 568 1868 non
584 1796 643 1869 nisa
655 1796 1292 1895 hoctemporeEcclesraepraestitaell'e.

53 1897 56 1901 ’
126 1895 189 1970 etti
209 1901 326 1996 negari
348 1898 492 1996 nequit,
522 1897 800 1984 Tertullianum,
833 1897 890 1989 qui
912 1894 1000 1967 forte
1021 1899 1110 1969 inter
1125 1895 1295 1973 Doctores
1318 1930 1473 2005 maeujut.

124 1993 291 2069 Ecclesaae
304 1999 499 2093 primaevae,
523 2019 667 2092 quorum
683 1994 805 2090 scripta
815 1994 1003 2088 luperstrnt,
1027 1996 1291 2096 primusingenii
1306 1998 1400 2061 ΨΜ·

124 2093 175 2170 sui
190 2095 226 2165 in
239 2094 307 2166 hoc
322 2096 484 2169 vaticinio
499 2092 702 2189 exponendo
718 2091 1013 2188 periculumfecit,
1038 2095 1291 2170 illudmisere&

123 2189 284 2290 imperite
297 2191 434 2266 torlisle.
461 2191 507 2264 Et
523 2192 681 2265 videntur
693 2188 837 2263 omnini>
852 2189 944 2263 recle*
957 2192 1016 2264 hic
1031 2190 1217 2267 &feliciter
1224 2196 1293 2271 cal-

123 2292 220 2364 culos
235 2291 309 2363 suos
324 2291 474 2388 posuille.
500 2290 665 2364 Admittit
678 2293 768 2361 enim
783 2287 994 2379 Oraculum,
1018 2289 1097 2363 alials
1110 2292 1292 2370 obscurum

123 2385 268 2461 certe&
284 2389 454 2477 lacrimo,
480 2386 1214 2484 srsecundumhanchypothesrnexplicetur,
1238 2394 1293 2463 in-

37 2566 40 2573 ,
124 2488 401 2599 terpretationem
416 2487 492 2558 latis
507 2484 744 2571 commodam,
769 2483 804 2553 ὅ(
820 2484 976 2555 omnibus
991 2484 1055 2556 suis
1071 2487 1219 2579 partibus
1228 2487 1291 2563 srbi

125 2585 193 2657 tite
208 2582 430 2655 constantem.
453 2583 545 2677 quod
561 2606 674 2678 operae
690 2583 835 2677 pretium
850 2580 977 2672 fuerit,
1002 2585 1073 2653 imo
1087 2585 1216 2679 prorsus
1231 2610 1291 2658 ne·

125 2680 320 2768 cellarium,
345 2682 379 2752 in
393 2681 595 2752 antecessum
611 2683 726 2776 paucis
740 2679 984 2768 demonstrare,
1009 2699 1047 2753 ut
1058 2678 1291 2778 tantbmajote

125 2801 206 2851 cum
230 2778 355 2851 fiducia
377 2803 457 2850 mox
480 2779 740 2875 disputationem
755 2801 834 2849 curn
849 2778 1048 2849 Marshamo
1062 2780 1292 2853 ventilandam

123 2878 364 2976 ingrediamur.
389 2878 614 2975 Perstringam
630 2880 742 2972 itaque
756 2876 970 2949 solummodo
984 2877 1134 2950 Danielis
1149 2896 1293 2951 contex-

124 2992 199 3054 tum
215 2974 310 3048 brevi
324 2994 585 3048 commentario:
612 2976 748 3048 remill'o
762 2979 795 3045 in
810 2974 1292 3070 caeterisLedloremeoadJo·

123 3097 246 3147 aunem
263 3075 464 3163 Vorstium,
489 3077 547 3171 qui
562 3076 721 3172 peculiari
739 3080 979 3162 Exercitatione,
1003 3074 1133 3148 erudite
1147 3099 1291 3172 compo·
1318 3114 1441 3167 m,

127 3170 207 3262 sata,
232 3174 298 3244 hoc
314 3174 513 3247 vaticinium
530 3173 712 3246 secundum
727 3176 815 3244 illius
834 3197 950 3245 rerum
966 3172 1000 3244 ὅ(
1016 3176 1203 3270 genuinum
1218 3176 1291 3248 sen·
1305 3176 1471 3229 ³⁰F²s⁶l⁶·¹¹¹·

125 3268 218 3358 sum,
243 3268 278 3341 ὃ(
294 3274 440 3345 nostram
456 3296 592 3369 quoque
607 3291 776 3361 mentem,
800 3270 920 3343 dextre
935 3271 1120 3344 rllnllravit.
1303 3241 1472 3368 Qum*

179 3371 254 3442 Vl.
282 3371 490 3468 Propofith,
515 3372 565 3450 ll'l'.
583 3398 638 3468 24,
666 3373 744 3442 Lxx
759 3368 947 3440 hebdomada
960 3375 1051 3457 decisa
1063 3375 1223 3473 sarntfieper
1232 3383 1291 3445 Po·

122 3469 232 3569 palam
246 3490 366 3558 auum,
391 3476 724 3542 wcmtatemauru
742 3480 887 3538 tanum.
912 3468 1126 3558 FataGemis,
1151 3471 1292 3562 Daniel,

129 3568 225 3659 eujus
239 3570 316 3636 cura
331 3567 363 3633 dt
381 3568 592 3639 solicitudine
605 3568 766 3654 afficeris,
792 3592 860 3637 non
875 3596 943 3636 rm
958 3568 1011 3638 l'ed
1026 3591 1096 3655 tua,
1122 3571 1292 3665 (quadiu-

128 3662 336 3759 dignationis
352 3662 487 3735 Divinae
501 3685 738 3763 argumentum
755 3666 822 3754 cll,
847 3667 994 3760 peccatis
1011 3667 1131 3759 Populi
1139 3669 1290 3741 nondum
1318 3696 1472 3755 noema

130 3761 312 3855 expiatis:)
338 3757 588 3859 circumscripta
606 3764 682 3836 sunt
697 3768 731 3835 in
746 3763 877 3835 Divino
891 3763 1033 3833 consilio
1048 3788 1118 3835 xxx
1131 3765 1292 3839 hebdomo
1305 3776 1328 3824 ⁷·

127 3863 174 3932 dir
186 3887 285 3930 annor
304 3889 362 3948 m,
388 3858 421 3929 h.
435 3882 464 3930 e.
479 3887 550 3956 490
567 3869 670 3933 Annis
679 3860 858 3955 solaribus:
891 3858 950 3930 sub
967 3858 1072 3934 finem
1088 3863 1183 3960 cujus
1198 3867 1295 3963 l'patii

129 3965 294 4056 tempora
313 3960 401 4050 fiet,
432 3978 472 4030 ut
491 3963 660 4034 cairam
673 3962 836 4129 gasatida,
861 3958 898 4032 b.
910 3981 941 4031 e.
961 3960 1083 4035 modus
1097 3985 1243 4063 ponatur
1258 3972 1296 4052 a?

724 4076 750 4153 g
776 4082 792 4152 3
1216 4067 1297 4136 siaa·
