3456 4718
203 275 319 363 ‚cta
344 266 418 352 VI.
484 276 490 285 '
529 262 886 353 tritanii-ms
913 269 1098 357 ranan)
1329 276 1386 383 '67

200 436 341 505 amun,
364 434 467 511 quam
484 411 785 501 mortalescolunt‚
809 433 1019 512 ocritpatnos,
1047 407 1386 510 ejusquebenisacbea

206 511 341 587 deficiis
348 511 491 608 pacate,
507 508 706 605 tranquille,
720 509 864 581 feliciter
871 510 990 601 usuros,
998 508 1236 605 gavisuroseffe.
1264 514 1382 604 Quem

201 610 301 687 laud
313 609 420 684 dubie
432 609 560 683 sensum
574 606 1215 705 omnesamplecterenturlntetpretes‚
1240 608 1382 707 nistipl'a

200 707 284 787 haec
309 708 471 782 sententia
491 704 666 804 παράδοξόν
686 739 716 778 τι
734 731 804 803 ptae
819 707 852 777 se
864 705 951 777 ferre
964 705 1160 797 videretur,
1193 708 1283 805 quod
1299 731 1381 782 cum

198 814 392 905 experientia
405 807 442 880 δι
455 807 630 903 principiis
643 807 795 878 Dotirinae
810 805 919 900 Christi
933 800 1026 900 agre
1041 805 1251 879 concilietur.
1275 813 1381 904 Expe-

200 912 319 981 rientiae
333 907 454 994 docet,
478 904 597 977 orbem
612 903 713 1001 hujus
727 924 824 976 terrae
839 902 1022 975 maximam
1035 922 1164 997 partem
1171 903 1376 1001 occupari&

199 1005 313 1077 tenen
326 1002 345 1075 d
358 1029 440 1075 terre
447 1005 546 1100 filiis,
570 1006 629 1100 qui
643 1009 729 1103 copia
735 1000 922 1097 fitefidnnt,
950 1001 1101 1098 viresque
1115 1002 1151 1074 &
1167 1005 1376 1106 opesfimam-
1393 1027 1426 1081 ts.
1438 1044 1502 1085 rata
1514 1036 1543 1099 73

195 1097 254 1200 ple*
273 1108 427 1174 extoient.
458 1104 665 1200 Tyrannos,
689 1100 836 1190 feroces,
861 1098 1038 1196 superbos,
1062 1101 1196 1173 arrdacis
1211 1100 1248 1171 &
1262 1100 1375 1173 callidi

154 1280 162 1290 ,
196 1198 336 1296 ingenii
358 1201 544 1292 homines,
575 1223 678 1273 manu
691 1218 898 1294 promptos,
929 1221 999 1269 non
1014 1199 1112 1271 tudes
1127 1199 1316 1291 scelerum,
1340 1202 1376 1272 in

205 1294 272 1369 hac
287 1299 809 1398 scenapraecipuaspartesagere.
835 1297 953 1388 annis,
978 1299 1034 1390 vi,
1058 1316 1176 1395 raptu,
1199 1297 1298 1386 dolo,
1324 1299 1375 1369 in·

199 1391 356 1492 justitii,
392 1397 453 1469 srbi
468 1398 595 1493 amplas
607 1396 780 1466 vindicare
794 1392 1029 1488 polleffiones,
1060 1418 1189 1493 regna,
1221 1397 1374 1493 imperia.

196 1491 295 1571 male
309 1513 404 1588 parta
416 1495 533 1565 iisdem
548 1491 694 1578 artibus,
718 1491 835 1560 eidem
850 1514 953 1562 manu
967 1493 1184 1582 conservare,
1209 1492 1246 1564 &
1261 1494 1303 1565 ad
1311 1517 1374 1589 po·

196 1587 308 1661 steros
323 1591 558 1661 transmittere.
582 1588 717 1658 delicias
731 1584 768 1655 &
782 1585 949 1659 beneficia
956 1607 1051 1660 terrae
1060 1591 1158 1686 hujus
1167 1592 1300 1663 illorum
1309 1592 1373 1663 ser·

196 1686 279 1763 {tire
292 1686 522 1783 cupiditati&
537 1686 688 1758 vanitati.
718 1683 923 1756 hantunam
938 1709 995 1757 eos
1011 1711 1133 1758 vexare
1146 1711 1261 1757 curam
1277 1738 1289 1777 ,
1313 1689 1373 1781 qui

196 1780 367 1855 defideria
381 1782 646 1856 suaterrestrium
655 1780 823 1853 bonorum
831 1782 991 1855 fruitione
999 1783 1134 1857 finiunt.
1160 1781 1373 1857 contrivero

195 1878 381 1978 placidi&
394 1884 557 1956 mansueti
571 1882 699 1979 ingenii
714 1880 888 1972 homines,
938 1882 1026 1954 uales
1042 1884 1100 1954 hic
1114 1881 1374 1955 iDominolau·

194 1978 351 2069 dantur,
383 1981 548 2055 malorum
565 1977 737 2077 expositos
753 1981 927 2051 vexationi
953 2004 1019 2072 us,
1051 1982 1194 2076 rapinis,
1217 1980 1372 2077 persecu·

192 2076 373 2169 ¹tionibus,
398 2075 1069 2178 saepisuisquaejustipoffidentspoliati,
1093 2081 1227 2168 excuti,
1254 2077 1369 2150 &non

193 2176 389 2273 perturbari
403 2198 558 2268 tantum,
580 2177 637 2249 sed
651 2175 687 2247 ὃ(
702 2175 746 2246 de
760 2175 846 2248 statu
861 2178 920 2249 suo
936 2176 1049 2273 dejici.
1074 2175 1110 2247 &
1124 2177 1262 2273 quidem
1270 2173 1370 2249 tanto

192 2276 310 2372 -magis
325 2274 362 2347 ὃ(
375 2274 523 2367 facilius,
548 2271 677 2373 quanto
691 2277 801 2347 minus
814 2272 926 2347 affeili
941 2274 976 2346 &
986 2277 1091 2373 parati
1099 2275 1222 2348 suntad
1232 2277 1369 2372 injurias

192 2371 264 2447 ¹srbi
285 2373 388 2446 illatas
402 2375 633 2461 vindicandas.
663 2374 828 2468 imprimis
841 2373 1021 2468 discipulos
1035 2374 1189 2464 Christi,
1222 2397 1369 2470 quotum
1423 2380 1425 2385 ’
1489 2424 1494 2433 -
1533 2422 1539 2433 -

195 2466 394 2564 Religionis
407 2470 562 2566 profeffio
577 2469 788 2541 occastonem
803 2469 897 2541 daret
911 2470 1030 2557 malis,
1056 2460 1211 2564 injustis,
1237 2472 1368 2560 avaris,

200 2563 277 2636 illos
293 2570 517 2661 opprimendi.
550 2569 605 2638 Ex
620 2564 792 2660 principiis
805 2586 918 2637 autem
933 2568 1084 2637 Dotirinae
1100 2567 1210 2657 christi
1223 2566 1368 2660 amplius

192 2661 363 2751 constat,
393 2663 565 2735 Beneficia
587 2663 686 2734 Novi
700 2662 852 2734 Foederis
865 2686 934 2733 non
949 2662 1018 2734 elle
1030 2666 1212 2764 temporalia
1225 2660 1262 2731 ὃ(
1275 2684 1369 2730 terre·

190 2760 294 2859 stria,
320 2759 374 2831 sed
382 2763 556 2860 spiritualia
570 2759 605 2831 &
620 2761 755 2855 celestia.
779 2783 848 2830 non
856 2760 920 2832 elle
929 2767 1061 2857 RcK-,num
1068 2754 1370 2829 colorumcibumo*

220 2861 329 2948 otum,
362 2859 599 2951 led-justitiam,
617 2882 748 2961 pacem,
774 2875 822 2929 φ’
836 2861 973 2929 letitiam
981 2882 1038 2961 per
1052 2862 1198 2961 Spiritum
1214 2864 1246 2927 S.
1272 2875 1369 2927 terrae

190 2879 301 3053 liujus
317 2954 406 3029 bona
421 2954 531 3045 fluxa,
555 2958 685 3046 inania,
710 2955 775 3046 elle
790 2957 905 3053 exigui
921 2958 1082 3051 temporis
1098 2954 1133 3025 ἃ
1144 2953 1366 3050 parvipretii3

193 3057 324 3142 mleliia
339 3055 375 3126 &
389 3055 560 3152 invtfibilia
573 3080 688 3125 aterna.
720 3056 799 3127 haec
813 3055 1044 3143 desideranda,
1070 3051 1248 3150 speranda,
1273 3076 1368 3149 qute-

194 3153 304 3225 aenda
317 3155 407 3244 effe,
439 3156 482 3226 ad
497 3153 690 3250 exemplum
704 3151 892 3226 studiorum
907 3184 920 3238 ς
946 3172 1067 3225 caetera
1080 3152 1185 3249 digna
1199 3173 1268 3220 non
1282 3149 1366 3240 ell'e,
1380 3167 1548 3227 uernum:

199 3273 278 3348 quae
298 3275 414 3326 curam
435 3253 472 3324 &
493 3252 585 3352 spem
601 3252 748 3325 nostram
762 3252 945 3326 admodum
961 3270 1147 3322 exerceant.
1179 3249 1287 3344 quin,
1319 3247 1364 3320 se·
1380 3232 1546 3348 Qfflg·

188 3346 355 3443 'cundum
363 3353 628 3450 Legcmdivinae
637 3350 885 3442 Providentiae,
902 3350 1359 3451 permultasaffliilionesingre-
1378 3359 1436 3467 53¹,
1448 3374 1496 3407 ur.
1508 3372 1528 3405 ¹·

199 3450 238 3521 di
250 3462 476 3548 nosoporrerein
483 3458 618 3550 Regnum
626 3456 697 3522 Dei.
721 3449 814 3546 quod
822 3446 1005 3547 Apostolus
1013 3445 1160 3545 generali
1168 3443 1260 3517 dicto
1269 3469 1360 3515 com·
1375 3482 1428 3529 Aa,
1439 3433 1546 3536 ζζῖῄζζξ

199 3545 341 3643 plexus,
364 3553 496 3640 ΟΜ,
518 3552 584 3638 ait,
607 3555 661 3648 qai
668 3555 790 3651 pietati
802 3555 837 3618 in
851 3549 966 3646 christo
980 3553 1096 3617 cultum
1105 3543 1271 3640 sistantur,
1289 3567 1359 3646 per·
1373 3545 1470 3655 iam
1481 3557 1535 3597 ¹¹²·

194 3645 397 3742 fiqttutr'onem
405 3654 569 3746 patientur.
817 3650 822 3659 “

252 3744 328 3816 lll.
353 3745 461 3840 Atqui
476 3744 554 3817 haei

191 3841 380 3925 suetfiffima
393 3842 532 3931 iverint,
556 3771 860 3943 Etmaguncorum
868 3867 961 3941 pars,
985 3837 1362 3935 quodmilrihicscribe·

190 3966 236 4045 ,te
250 3943 376 4035 liceat,
406 3940 936 4039 tmamcumtoeiolconfuderint.
982 3938 1186 4015 Existimant
1199 3930 1375 4023 nimimm,

769 4030 902 4123 la..
997 4110 1052 4119 ..
1121 4108 1126 4119 .
1239 4031 1362 4126 uli,

580 3769 626 3816 sae
639 3742 791 3820 fecerunt
805 3747 969 3836 rationes,
994 3761 1034 3815 ut
1048 3741 1251 3836 lntetpretes
1265 3740 1300 3814 in
1308 3740 1363 3812 di·
