3456 4718
104 270 313 367 Cinlv.
451 271 1028 355 HnrsnrrrrMuuor.
1222 273 1276 382 ’41

106 411 210 512 quim
223 416 259 486 in
274 408 500 509 pauperibus,
520 406 675 499 afflidis,
699 408 824 483 miseris
838 410 930 508 quod
949 410 991 482 ad
1007 408 1280 486 exteriorem'vi·
1393 449 1399 455 ·
1527 450 1530 457 ·

107 528 155 585 tae
169 511 423 602 conditionem,
447 506 560 608 quales
574 503 662 578 bene
677 507 775 580 multi
790 507 1202 605 suntichgnoChristi.
1218 511 1279 585 Sic

105 605 207 683 fieret
229 609 307 683 sane
321 629 361 683 ut
377 609 550 703 Principes
564 603 601 676 &
616 605 733 703 Reges
747 606 895 697 Mundi,
928 608 1022 678 terris
1037 604 1073 677 δι
1090 626 1188 679 terrae
1204 607 1281 681 the·

102 704 207 783 sauris
222 706 364 797 divites,
387 703 510 803 quibus
522 702 635 799 ampla
649 705 684 773 in
697 703 765 776 hoc
780 702 909 777 mundo
925 705 1064 799 imperia
1079 703 1281 781 &dominia

106 802 314 973 obtinffunts
348 795 485 878 fifr'srte
517 802 683 896 supponas
707 825 764 873 eos
790 798 870 874 vere
896 803 962 874 ess'e
981 803 1016 872 in
1037 804 1280 876 communione

106 899 206 974 Chris
223 905 253 988 i,
279 907 355 1005 plur
375 900 576 997 possiderent
591 900 626 970 in
639 899 810 972 hereditare
825 898 1004 984 Abrahamr'
1040 898 1120 973 uim
1135 899 1277 992 Paulus,

105 997 243 1088 Petrus,
267 999 391 1098 aliique
405 1000 567 1100 Apostoli,
591 998 663 1069 veri
677 997 863 1071 Abrahami
875 996 952 1069 Filii
967 995 1004 1068 ὅ(
1018 925 1135 1095 icripti
1152 999 1279 1070 heredes

104 1099 246 1189 Mundi,
276 1122 422 1193 quorum
439 1096 505 1170 fuit
518 1095 649 1169 dicere:
681 1103 810 1168 Aurum
824 1111 924 1168 (rar
938 1119 1046 1166 eurum
1060 1094 1141 1167 nrbir
1156 1122 1216 1166 non
1229 1097 1277 1191 est.
1305 1091 1444 1149 All-¹¹¹&

105 1194 205 1286 Quid
213 1196 286 1292 jam
294 1197 405 1269 dicam
414 1195 567 1283 deterri,
589 1191 896 1290 quasPrincipes&
941 1192 1280 1278 ivitesMundr'extri

105 1296 386 1368 communionem
401 1294 530 1367 Christi
543 1314 635 1364 nunc
644 1288 942 1387 poshdent&olim
949 1291 1180 1385 possederunt,
1205 1294 1282 1392 quis

104 1384 169 1464 bus
189 1393 322 1465 constat
346 1392 473 1465 nullam
488 1390 553 1463 effe
568 1406 698 1484 partem
713 1385 886 1461 &sortem
902 1391 936 1461 in
949 1397 1155 1462 communione
1169 1392 1278 1484 christe·

105 1483 144 1558 ὃ(
165 1487 369 1562 Abraham?
401 1489 521 1582 Quin,
550 1507 591 1557 ut
608 1487 724 1580 paucis
744 1484 931 1559 absolvam:
957 1488 1042 1560 nihil
1055 1485 1135 1560 vere
1152 1490 1276 1562 certius

104 1583 175 1671 est,
199 1584 301 1681 quim
322 1585 497 1657 Christum
510 1581 625 1676 Jesum
640 1582 676 1652 in
690 1580 787 1652 nobis
801 1581 886 1653 nihil
899 1581 1035 1677 proprie
1043 1583 1206 1680 possidere
1212 1585 1277 1660 nisi

106 1682 200 1776 quod
209 1684 372 1783 spirituale
385 1683 455 1772 est,
486 1679 522 1750 ἃ
536 1675 595 1778 qui
609 1682 693 1768 rau,
723 1696 782 1750 aut
795 1677 953 1780 aspellam
966 1679 1069 1753 habet
1074 1683 1275 1782 spiritualem.
1342 1744 1348 1753 .
1430 1748 1433 1756 .

107 1774 198 1850 Non
212 1799 345 1856 tantum
361 1789 406 1852 Re
425 1806 498 1849 narn
511 1784 576 1850 Dei
589 1799 659 1848 non
674 1777 722 1849 est
738 1775 819 1847 aba
833 1780 886 1847 vel
894 1799 1003 1877 porus,
1034 1796 1073 1850 ut
1092 1779 1274 1872 Apostolus
1413 1812 1431 1839 ··
1447 1834 1450 1839 -

105 1878 175 1962 ait,
206 1876 262 1949 sed
285 1902 348 1951 nec
369 1809 439 1976 ipie
462 1877 568 1949 homo
590 1877 647 1971 qui
668 1874 718 1946 est
731 1875 1024 1947 incommunione
1037 1875 1184 1967 Christi,
1208 1875 1275 1975 quri
1303 1905 1443 1966 sonam

103 1978 197 2064 edit,
221 1973 327 2064 bibit,
352 1999 450 2074 agros
465 1975 502 2046 &
517 1994 618 2046 terras
626 1970 787 2070 possidet,
811 1970 1174 2069 iChristopoffidetur.
1198 1983 1274 2048 Vr'rae
1288 1978 1329 2071 ¹¹⁷·-

103 2074 198 2157 enim
213 2071 340 2146 Christi
356 2076 389 2144 in
404 2071 621 2146 credentibus
634 2071 929 2161 nonestanirrulr'r,
950 2069 1005 2143 sed
1009 2074 1187 2173 spiritualis.
1212 2071 1274 2147 Ne
1446 2108 1449 2113 ·

103 2171 242 2267 quidem
265 2171 299 2243 id
319 2169 452 2244 obtinet
472 2174 508 2243 in
522 2169 659 2244 Officiis
672 2189 731 2242 aut
746 2168 925 2242 Exercitiis
939 2171 1103 2261 externis,
1128 2194 1205 2268 quae
1220 2171 1275 2245 lo·

102 2291 186 2342 cum
208 2266 335 2344 habeut
356 2273 391 2342 in
405 2268 576 2359 Ecclesia,
608 2266 644 2340 ἃ
660 2292 805 2366 quorum
822 2269 1034 2366 caetcruquin
1048 2269 1215 2343 maximus
1228 2269 1273 2346 ad

95 2365 270 2465 Regnum
291 2367 421 2441 Christi
434 2365 601 2464 respeslus
614 2365 673 2440 est.
703 2367 772 2440 Fac
787 2365 853 2439 elle
869 2362 1057 2439 Doeorem
1071 2365 1273 2467 Evangelii,

102 2460 228 2538 Divini
241 2465 348 2538 Verbi
361 2468 580 2553 Praeconcm,
605 2462 765 2536 Ecclesiae
779 2461 1037 2561 Presbyterum,
1061 2465 1120 2559 qui
1133 2489 1274 2541 munere

101 2561 163 2634 illo
203 2560 317 2635 ublice
331 2562 500 2660 fungitur:
527 2561 712 2673 erpr'rirum
727 2561 836 2653 Christi
848 2559 1041 2651 nordebert,
1065 2559 1272 2657 nihilinipso
1300 2575 1418 2642 turer

103 2585 248 2758 poslidet
270 2657 444 2745 Christus,
477 2659 563 2731 nihil
582 2659 653 2756 rpse
676 2661 712 2730 in
725 2656 874 2730 Christo.
906 2659 968 2731 Est
984 2659 1085 2730 instar
1098 2657 1273 2735 cadaveris
1286 2650 1327 2695 ¹⁹⁸

103 2758 175 2830 viti
189 2755 285 2845 casfi,
311 2757 402 2853 quod
415 2756 434 2828 ri
448 2755 586 2829 Christo
600 2781 670 2828 non
684 2757 861 2830 animatur.
884 2755 1030 2828 Nullam
1038 2754 1159 2827 sortem
1168 2754 1274 2832 habet

102 2854 139 2929 in
156 2856 368 2927 Benedieiione
382 2853 612 2943 Abraham&
626 2854 816 2926 Heredirare
830 2855 962 2925 Mundi.
993 2852 1164 2926 Abraham
1180 2855 1273 2931 enim

100 2976 174 3027 non
196 2954 347 3026 videtin
369 2953 436 3026 hoc
460 2956 600 3026 homine
618 2953 709 3026 suam
724 2959 889 3049 imaginem
895 2983 910 3039 5
941 2974 1005 3024 nec
1019 2951 1162 3050 proinde
1175 2953 1270 3028 illurn

101 3051 259 3149 agnoscit
279 3075 341 3149 pro
355 3051 429 3126 filio
444 3053 514 3126 suo.
547 3052 675 3124 Christi
689 3052 795 3150 igitur
808 3050 918 3124 sumus
932 3051 969 3122 &
984 3049 1004 3124 i
1019 3048 1157 3124 Christo
1172 3050 1271 3150 possi·
1296 3084 1344 3154 μ,
1357 3092 1421 3145 m„

104 3147 241 3241 demur,
264 3171 429 3249 quatenus
443 3150 598 3226 Christus
607 3149 704 3245 jesus
716 3173 779 3221 nos
792 3169 831 3222 ut
870 3148 1268 3250 eculiumsuumperSpi·
1286 3165 1326 3205 ²²·
1343 3166 1382 3208 ²³·

104 3244 208 3319 ritum
222 3249 315 3323 suum
330 3269 496 3348 occupat:
522 3270 646 3323 caetera
660 3248 718 3321 hic
732 3248 808 3320 excl
857 3270 970 3324 untur.

102 3394 106 3402 -
153 3344 200 3418 V.
220 3345 260 3418 Si
274 3350 378 3445 igitur
391 3351 540 3423 Mundus
553 3348 642 3444 ipse,
666 3345 700 3419 h.
714 3371 746 3419 e.
760 3349 828 3443 ipsa
841 3348 897 3420 illa
909 3347 1029 3422 Tellus
1043 3371 1120 3445 quae
1137 3346 1301 3423 nosnu·'
1393 3436 1399 3445 ι

104 3442 183 3532 trit,
207 3441 263 3514 vel
274 3448 365 3519 vasta
378 3471 494 3546 rerum
502 3465 688 3520 creatarum
703 3445 810 3518 moles
825 3446 893 3544 qul
907 3446 1022 3521 usibus
1036 3445 1154 3518 nostris
1167 3446 1269 3522 inser-

103 3541 176 3630 vit,
199 3562 271 3612 non
282 3539 325 3614 fit
338 3545 394 3616 illa
405 3547 556 3618 heredita
569 3544 765 3619 Abrahamo
778 3544 833 3616 hoc
843 3550 934 3616 ritulo
949 3545 1123 3643 promissa:
1148 3547 1268 3644 inquo

103 3639 218 3711 nostra
230 3636 327 3711 desiit
339 3641 537 3738 disputatio:
562 3644 755 3736 videamus,
780 3637 865 3716 niun
875 3643 957 3715 illud
966 3641 1271 3739 potiussecundum

103 3734 163 3810 Cl.
181 3737 296 3814 Virih
320 3738 475 3834 pothefin
492 3742 727 3837 accipiendum
743 3737 785 3815 fit
798 3741 842 3813 de
855 3745 939 3835 Jure
951 3739 1072 3815 Rebus
1085 3741 1272 3818 Mundanis
1291 3769 1294 3776 ·
1314 3812 1318 3819 .

102 3834 143 3910 ἃ
157 3763 365 3951 terrestribus
379 3837 496 3910 utendi
507 3838 725 3939 fruendique,
747 3862 817 3936 quo
831 3840 1075 3934 Jurevidemur
1082 3864 1140 3937 per
1150 3866 1271 3939 pecca·

104 3935 282 4029 excidisse,
311 3930 397 4010 remi
417 3933 482 4011 hac
501 3932 622 4033 {Deo
638 3937 795 4112 pgcussa
814 3938 978 4016 sententiis
1000 3938 1272 4109 ωαὶεῶἂὶοῃίἒᾶ

1177 4061 1224 4135 qu
