3456 4718
379 263 431 370 78
626 262 690 344 De
710 285 800 342 veta
820 255 1078 369 intelligentia
1099 249 1292 364 Beneficii
1375 256 1474 367 Lm.
1499 264 1557 345 v,

376 401 533 477 affinibus
542 397 1032 500 SpiritusSdidiislaudantur,
1056 397 1168 469 felices
1180 395 1433 488 essedarium,
1451 403 1558 498 quod

405 503 575 575 romill'um
586 501 759 603 pnsseffinnis
773 524 873 586 terre,
898 497 993 593 cujus
1008 495 1091 568 fides
1107 497 1145 566 iis
1162 498 1194 565 in
1213 496 1267 568 illa
1284 497 1365 570 Oda
1380 496 1420 567 δί-
1433 494 1561 576 simili·

276 684 278 689 ¹
378 530 442 674 lus
457 601 612 673 Oraculis
628 597 972 695 SpiritusSdataell,
998 592 1453 686 certissimesnrtobtenturi,
1476 624 1556 677 non

378 708 479 787 omni,
504 699 556 770 scd
572 721 649 768 cerro
662 721 810 796 tempere,
835 694 975 767 consilio
989 691 1256 788 Deipralluim,
1282 694 1378 792 cujus
1386 704 1559 793 temporis

373 799 519 871 ,felicitas
549 800 584 866 in
608 797 666 867 illo
688 796 839 865 Oraculo
860 794 1066 891 decantatur.
1100 792 1200 861 Hanc
1223 792 1396 888 emphasin
1420 795 1561 877 habent

355 946 358 953 -
379 895 481 967 verba
497 898 616 967 summi
634 892 809 964 Dodloris:
838 892 990 989 Mendesii
1009 907 1034 962 οἱ
1047 910 1148 980 niente
1163 897 1443 965 Beatiunrrsuarr
1454 920 1575 992 rati,

380 994 424 1067 de
439 994 559 1090 quibus
574 997 608 1065 in
624 993 702 1064 Oda
718 992 884 1064 Dauidica
898 996 1030 1090 agitur,
1056 991 1127 1060 veri
1143 991 1210 1058 mei
1224 989 1397 1086 discipuli,
1422 997 1563 1096 quippe

380 1096 439 1190 qui
454 1094 526 1190 poll
536 1099 718 1196 patientiam
732 1115 802 1162 non
816 1093 931 1189 exigui
946 1092 1128 1186 temporis,
1152 1089 1335 1160 exercitam
1353 1092 1387 1159 in
1402 1088 1560 1170 ferendis

379 1193 475 1264 malis
490 1214 592 1289 atque
607 1188 768 1287 improbis
783 1191 908 1261 Mundi
923 1185 1154 1269 Reiloribus‚
1186 1184 1375 1257 sanatorum
1392 1189 1563 1268 Persecu-

380 1290 509 1363 totibus
525 1291 560 1362 δί
575 1288 841 1387 oppress'onbus,
865 1289 1002 1359 tandem
1014 1305 1191 1380 compotes
1200 1284 1264 1357 sint
1273 1285 1398 1357 evasuri
1406 1289 1449 1361 ad
1459 1291 1560 1370 liram

380 1391 645 1462 consolationem
661 1390 777 1485 magni
791 1388 878 1459 illius
892 1384 1049 1457 beneficii
1059 1385 1235 1486 posseffienie
1245 1407 1348 1472 terre,
1373 1386 1470 1481 cujus
1479 1411 1560 1467 tarn

380 1488 416 1558 in
432 1488 490 1561 illo
502 1489 657 1576 Psalm0,
682 1488 783 1584 quim
802 1479 839 1556 in·
850 1486 922 1557 aliis
937 1487 1094 1558 Oraculis
1112 1477 1329 1554 instrumenti
1347 1483 1481 1560 Veteris
1496 1488 1557 1561 fa-

379 1585 434 1657 &a
448 1589 498 1661 est
511 1586 673 1658 Ecclesiae
688 1583 870 1683 promislio.

427 1686 499 1757 Xl.
525 1687 735 1758 Sententiam
751 1684 841 1768 dixi,
867 1706 931 1755 nec
946 1681 1103 1778 poenitet.
1128 1678 1308 1752 Necenim
1318 1681 1561 1760 statutumha·

378 1782 445 1855 beo
461 1785 581 1881 pedem
598 1784 791 1868 retrahere,
823 1784 904 1877 quin
919 1781 1013 1875 spero
1028 1777 1192 1852 indiarum
1208 1803 1291 1868 me,
1323 1804 1392 1875 ope
1407 1781 1559 1863 Divinae

379 1882 535 1972 Gratiae,
560 1881 718 1953 omnibus
732 1902 770 1951 ut
785 1879 958 1973 patescat,
984 1902 1053 1949 non
1067 1875 1220 1951 futilibus
1234 1877 1420 1952 rationibus
1436 1882 1561 1959 subni-

378 2005 457 2053 xam
473 1982 556 2066 elle3
583 1979 620 2049 u
634 1977 871 2073 quaeadrersus
880 2002 954 2049 eam
964 1979 1091 2049 moveri
1102 1976 1363 2073 poll'untdubia,
1387 2001 1557 2055 commo-

378 2077 423 2148 de
445 2079 676 2174 expediantur.
707 2074 872 2147 Describo
893 2077 1008 2173 itaque
1029 2076 1251 2149 Hereditatem
1264 2075 1332 2148 sive
1347 2079 1554 2173 Peffeffienem

375 2197 459 2245 terre
473 2200 530 2272 pet
545 2175 729 2270 Beneficium
735 2179 893 2273 fingulare
908 2181 1031 2244 Divina
1048 2175 1272 2262 Providentia,
1301 2204 1357 2272 que
1371 2178 1428 2247 lue
1440 2199 1555 2273 rma,

376 2279 524 2371 majorem
531 2296 677 2375 partem,
703 2273 820 2345 allece
835 2273 999 2344 malorum
1019 2272 1053 2343 ὅ(
1071 2275 1253 2368 impiorum
1270 2274 1444 2344 hominum
1460 2299 1553 2368 pur-

376 2388 474 2468 gata,
499 2369 584 2473 ipiu
601 2394 649 2444 (a
657 2371 766 2464 seenliie
780 2397 857 2440 nere
873 2376 1039 2472 Religionis
1054 2391 1101 2444 (a
1115 2372 1339 2466 mansuetudini
1350 2376 1441 2439 enen
1461 2376 1554 2448 elice

376 2470 547 2541 Cultoribus
559 2469 615 2565 fieb
634 2497 707 2542 eura
731 2488 779 2544 Ψ
798 2477 943 2570 regimine
958 2477 1133 2572 Principum
1145 2496 1184 2539 ec
1199 2470 1438 2569 Magistrum
1491 2498 1559 2545 ne·

374 2594 470 2660 rum,
496 2576 579 2671 pneie
595 2588 642 2642 (7
658 2574 793 2640 aniensis
808 2576 1003 2659 amantium,
1029 2567 1163 2670 pacari,
1188 2566 1367 2665 tranquili,
1386 2573 1557 2669 feliciter,
1603 2656 1608 2663 Ι

275 2745 278 2750 ,
375 2673 409 2736 iu
421 2675 529 2739 timore
544 2675 606 2740 Dei
618 2672 734 2770 ejusque
748 2673 873 2737 neminie
883 2666 1008 2767 publiea
1023 2667 1225 2762 Censeffioue,
1248 2695 1317 2737 cum
1327 2673 1558 2742 luculentum-

375 2767 464 2837 dicir'e
477 2772 725 2862 Divinisevoris
739 2785 786 2838 Ψ
800 2764 1010 2836 benedillienis
1023 2791 1083 2835 nen
1096 2774 1128 2833 iu
1136 2765 1349 2867 spiritualibus
1361 2766 1472 2857 medi,
1491 2769 1554 2862 sed

289 2855 296 2871 ⁸
377 2881 426 2936 (9⁹
439 2865 668 2968 temporalibus,
693 2854 815 2963 longum
828 2888 941 2966 tempus
951 2862 1332 2961 celituraetquehebitaetur,
1356 2873 1556 2939 inennenei-

376 2969 411 3031 ni
423 2990 506 3032 noxe
522 2982 576 3034 (f
575 2966 688 3055 fraudi
694 2969 735 3058 fit
748 2990 857 3033 veram
870 2966 965 3032 colere
980 2967 1167 3060 Religionem
1199 2971 1375 3061 ietareneque
1386 2995 1411 3046 3·
1416 2964 1555 3066 scdpe-

374 3066 437 3128 tius
449 3066 603 3129 commode
619 3081 665 3130 (J
680 3064 784 3130 honeri
790 3093 802 3146 3
827 3088 880 3131 nec
892 3067 1097 3158 tranquillima
1105 2987 1230 3162 pulice
1243 3057 1463 3158 iPrincipibue
1470 3088 1556 3133 ma-

375 3162 414 3227 lie
430 3206 441 3246 ,
465 3162 572 3254 furore
585 3156 694 3227 bellice
708 3160 856 3255 incmfir,
888 3165 998 3230 nedum
1011 3167 1143 3255 tyrannis
1159 3177 1206 3234 Ψ
1220 3154 1448 3252 Perseculeribue
1461 3184 1554 3238 vera

375 3261 559 3352 Religionis,
577 3255 776 3356 perru'rlrerur.
802 3257 945 3329 Non‘eo
959 3280 1050 3329 nunc
1065 3282 1127 3354 per
1140 3258 1266 3355 partes,
1289 3274 1330 3327 ut
1343 3254 1556 3353 descriptio·

377 3376 456 3425 nem
478 3356 566 3427 hanc
587 3356 780 3450 explicem,
811 3379 890 3426 cum
912 3359 1016 3428 animi
1038 3359 1107 3428 mei
1122 3353 1319 3429 senteutiam
1333 3353 1463 3429 eisatis
1477 3360 1556 3435 cla·

369 3452 414 3542 *re*
423 3455 652 3551 expresserim,
668 3452 1237 3554 &inadstruendameahypotlresr:
1256 3454 1347 3550 quod
1356 3478 1476 3536 nunca
1504 3485 1555 3536 o:

377 3555 483 3626 multa
497 3553 626 3625 nccess'c
641 3550 782 3623 habeam
798 3575 954 3642 monere,
980 3553 1016 3624 ὅ(
1031 3557 1218 3643 adducere,
1242 3481 1558 3651 quatadeamulae*

376 3654 444 3722 rius
457 3651 687 3726 declarandam
703 3649 811 3724 sarcre
826 3670 960 3748 queant.
985 3656 1141 3726 Mearum
1158 3653 1272 3749 itaque
1286 3653 1432 3748 partium
1441 3657 1555 3731 video

375 3751 464 3838 else,
496 3773 535 3824 ut
557 3750 782 3825 demonstrem
798 3803 810 3842 ,
843 3782 875 3820 e.
890 3751 982 3823 Inter
1003 3750 1093 3825 bona
1107 3751 1248 3825 Divinae
1262 3752 1495 3827 Providentia
1511 3756 1557 3835 &

375 3848 524 3941 Gratia,
549 3849 660 3922 aDeo
676 3849 832 3946 promill'a
846 3849 1027 3940 Eccleliae,
1052 3852 1115 3924 else
1124 3849 1287 3945 ejusmodi
1296 3850 1432 3946 aliquod
1441 3849 1557 3930 bene·

372 3947 512 4040 ficium,
539 3950 637 4048 quale
650 3950 708 4025 hic
722 3948 886 4048 descripsi.
916 3951 953 4038 β.
976 3949 1069 4023 lilius
1083 3947 1242 4025 beneficii
1255 3939 1553 4125 significatiorppsm

1524 4074 1554 4129 e
