3456 4718
365 291 446 371 274
608 261 671 342 De
689 258 776 349 Lxx
796 257 1075 341 Ennomus
1093 244 1270 328 Danielis
1335 245 1548 327 Lmvr.

403 389 535 463 norsum
550 389 639 461 enim
654 384 732 461 alias
747 385 834 466 tsine
848 385 883 455 in
897 379 1042 452 lestione
1058 379 1143 448 illius
1158 372 1265 448 Loci?
1288 375 1418 449 Voluit
1425 376 1552 473 igitur

336 481 342 490 ⁸
363 394 534 560 Domitian
548 487 600 558 his
615 483 726 556 verbis
737 481 916 577 discipulos
930 476 1130 550 confirmare
1145 477 1179 545 in
1193 470 1547 546 sententiadeimmi·

332 631 338 636 -
364 605 466 657 nente
481 584 613 656 excidio
627 582 890 678 Hierosolytnae,
915 576 957 647 de
973 571 1432 669 quohoctemporeagebat,
1457 570 1548 679 illu·¹

294 744 297 752 .
365 682 468 758 sltans
483 682 571 754 suam
586 681 801 775 Prophetiam
817 702 858 748 ex
873 675 1032 762 Daniele,
1059 671 1152 768 cujus
1160 669 1346 742 Oraeulum
1354 683 1545 768 quotquot

364 805 444 851 cum
459 776 573 850 debita
586 780 773 849 attentione
788 774 823 845 ὅ(
839 773 927 854 νοήσει
943 773 1112 868 legerent,
1139 770 1210 840 illos
1225 769 1271 839 ait
1285 763 1546 840 Dominusob·

364 876 575 964 servaturos,
600 874 779 946 Danielem
795 874 837 944 de
853 871 942 944 nulla
956 871 1017 940 alia
1033 869 1124 964 loqui
1138 867 1338 959 desolatione,
1364 892 1475 963 quam
1492 865 1544 939 de

285 999 288 1007 ’
365 974 433 1069 ipsa
447 974 502 1045 illa
516 974 723 1060 calamitate,
747 972 790 1043 de
804 966 1194 1064 quaipsevcrbasecerat.
1218 965 1547 1039 Hicelarus&eer-

365 1091 418 1145 tus
441 1070 549 1142 sensus
563 1070 609 1144 est
625 1072 746 1142 horum
762 1068 940 1140 verborum
956 1066 980 1154 ,‘
1000 1071 1058 1161 qui
1073 1088 1210 1135 omnem
1226 1064 1415 1136 Marthami
1434 1087 1544 1138 exce-

332 1170 334 1174 ”
364 1171 518 1265 ptionem
533 1189 681 1241 enervat.
712 1168 741 1238 F
743 1166 844 1239 tustra
859 1165 938 1237 esset
952 1160 1052 1235 lestio
1067 1163 1102 1231 dt
1118 1160 1208 1256 isica
1222 1161 1288 1233 loci
1302 1161 1484 1255 Danielis,
1511 1171 1544 1246 fi

287 1332 292 1337 .
364 1260 1419 1362 Juda’iexillononpossenteonfirmariinillascnte'ntia,quam
1430 1262 1543 1342 Chri·

368 1366 434 1451 stus
449 1364 494 1434 D.
511 1365 567 1436 hic
581 1366 740 1460 proponit
755 1365 798 1435 de
813 1361 987 1434 noviffima
1001 1359 1190 1431 calamitate
1202 1358 1266 1430 sun
1274 1359 1421 1432 Gentis:
1450 1384 1543 1438 con-

175 1532 181 1547 ,
370 1462 495 1535 firmari
511 1459 592 1534 veti>
608 1487 677 1533 non
692 1482 864 1559 poterant,
890 1457 1023 1532 srlocus
1038 1457 1541 1556 Danielisageretdetempori·

246 1628 250 1634 ,
368 1558 430 1632 bus
446 1561 610 1634 Antiochi
625 1561 838 1658 Epiphanis,
863 1582 933 1630 non
949 1555 1033 1629 vero
1049 1558 1092 1630 de
1107 1554 1255 1626 Neronis
1270 1554 1305 1625 &
1323 1559 1542 1654 Vespasiani.

370 1684 402 1730 2.
428 1658 514 1730 Non
529 1660 747 1732 concedimus
761 1658 978 1747 Marsham0,
1002 1655 1203 1751 quinpotius
1211 1652 1336 1726 diteste
1344 1680 1541 1755 negamus,

367 1756 465 1829 ullibi
486 1759 576 1854 apud
591 1758 797 1831 Matthaeum
812 1806 825 1846 ,
856 1776 915 1828 aut
928 1755 1009 1825 alios
1023 1754 1209 1847 Scriptores
1224 1753 1341 1824 Sacros
1355 1757 1542 1852 accidere,

370 1874 410 1927 ut
432 1856 506 1928 loca
527 1856 637 1952 aliqua
658 1880 737 1929 cum
760 1853 982 1950 prefatione,
1015 1857 1053 1920 Ut
1074 1855 1237 1950 impleam
1250 1853 1331 1947 quod
1343 1854 1465 1927 dullum
1479 1859 1543 1954 est,

372 1951 441 2023 &e
467 1952 651 2050 allegentur
671 1977 712 2024 ex
728 1953 773 2024 V.
785 1953 833 2024 T.
849 1974 925 2046 qua:
940 1973 1000 2045 pet
1015 1949 1153 2019 modum
1170 1955 1349 2040 παρῳδίας,
1381 1958 1545 2051 ingeniose

372 2048 577 2144 transsationis
588 2049 641 2121 vel
655 2054 829 2145 allufionis,
853 2067 986 2121 tantum
1001 2045 1184 2119 reserantur
1197 2049 1238 2119 au
1256 2047 1542 2145 res&pets0nas,

372 2145 416 2217 de
429 2144 549 2241 quibus
562 2147 684 2244 agitur.
717 2145 926 2244 Hypothesrs
941 2147 1021 2237 illa,
1054 2164 1092 2217 ut
1107 2147 1285 2234 existimo,
1310 2146 1471 2239 estlalsa,
1498 2152 1539 2226 &

373 2241 600 2338 Scriptoribus
616 2245 724 2317 Sacris
736 2246 866 2342 injuria.
892 2244 1031 2342 Duplex
1046 2265 1198 2335 tantum,
1223 2263 1261 2316 ut
1277 2269 1336 2316 nos
1350 2245 1540 2343 sentimus,

372 2340 492 2412 modus
507 2341 556 2413 cst
570 2342 721 2416 locorum
737 2369 779 2416 ex
795 2348 842 2420 V.
855 2344 902 2417 T.
916 2343 958 2416 ad
973 2368 1022 2416 res
1036 2342 1095 2416 sub
1110 2343 1215 2415 Nova
1229 2343 1454 2417 OEconomia
1469 2371 1537 2446 ge·

295 2457 298 2460 “
370 2439 489 2513 tendas
505 2439 668 2539 probandi
683 2443 737 2515 vel
751 2443 933 2516 illustrandi
948 2443 1058 2516 caussas
1072 2443 1323 2532 transsatorum,
1346 2463 1405 2516 aut
1415 2446 1540 2522 saldra*

371 2537 536 2635 γράμμα,
559 2541 725 2633 secundum
739 2548 876 2614 Lieeram
890 2592 902 2631 ,
925 2562 984 2614 aut
997 2543 1055 2614 aas
1070 2549 1282 2637 daanyogsar,
1299 2544 1384 2635 senfie
1398 2547 1542 2643 aystico,

372 2635 441 2708 srve
454 2643 629 2735 allegorico.
661 2640 778 2714 Plures
792 2643 1010 2740 ignoramus,
1036 2639 1072 2710 δε
1088 2640 1143 2712 vel
1157 2639 1305 2712 maxime
1321 2645 1539 2737 repudiamus

370 2733 464 2809 illum
482 2742 657 2831 παρῳδίας,
684 2737 752 2811 five
765 2740 1078 2826 Accommodati'ona,
1104 2763 1204 2835 quem
1220 2739 1317 2811 nobis
1333 2741 1390 2812 hic
1406 2742 1541 2840 objecit

369 2832 585 2908 Mars‘hamus
601 2861 609 2906 :
643 2836 704 2909 etsi
719 2837 793 2910 satis
807 2835 964 2927 constat,
989 2837 1115 2909 multos
1131 2836 1329 2909 Divinarum
1345 2839 1541 2933 Scriptura·

203 2942 443 3004 internanarum
461 2933 681 3029 interpretes,
707 2938 815 3028 (inter
828 2960 914 3030 quos
930 2936 986 3008 suo
1000 2940 1101 3008 ctiam
1116 2936 1371 3028 lococomparet
1381 2938 1542 3011 Alexan·

75 3035 79 3047 '
187 3007 271 3120 {m
282 3009 341 3070 ⁰²¹²·
358 3023 427 3102 det
448 3031 569 3101 Motus
580 3034 608 3117 z)
635 3032 693 3103 ubi
710 3058 795 3129 aqua
810 3033 888 3130 ipsrs
903 3034 1036 3122 heret,
1068 3036 1109 3106 ad
1124 3035 1211 3106 hanc
1228 3031 1326 3102 veluti
1343 3030 1454 3101 salutis
1470 3060 1540 3109 an.

369 3128 507 3201 choram
516 3127 717 3226 confugere:
741 3125 1541 3229 sedverenonabsqueiniuriaFideinollrteMa.

369 3226 478 3324 gi'llris
494 3223 529 3296 &
543 3225 786 3322 Interprctibus
801 3231 937 3303 summis
951 3232 1050 3304 illata.
1075 3230 1201 3301 Eorum
1215 3228 1304 3297 enim
1315 3248 1391 3319 quae
1402 3227 1538 3330 simpli·

371 3327 457 3398 citer
471 3324 683 3398 solummodo
699 3335 777 3398 inter
782 3332 1018 3423 seconoeniunt,
1042 3325 1235 3423 absquequo
1243 3323 1384 3395 alterum
1394 3328 1539 3406 alterius

369 3447 468 3526 typum
482 3423 534 3496 vel
541 3425 678 3522 figuram
692 3425 809 3523 gellit,
836 3453 904 3525 quo
920 3425 1019 3524 padio
1032 3421 1538 3520 quaedeunodieunturinaltero

369 3522 438 3591 diei
453 3523 586 3617 possunt
600 3531 724 3624 impleta
737 3523 822 3611 esJ'e?
847 3529 961 3597 Roma
974 3539 1167 3621 expugnata
1180 3518 1215 3588 ὃ(
1230 3523 1371 3617 spolia'ta
1385 3526 1470 3599 olim
1485 3529 1536 3603 est

371 3615 391 3688 it
406 3616 531 3708 Gallis,
556 3620 661 3718 longo
677 3624 751 3717 poll
767 3645 919 3722 ternpore
930 3620 1101 3709 aGothis,
1125 3616 1161 3687 ὅ(
1171 3624 1362 3696 recentiore
1370 3625 1535 3699 adhueab

369 3711 555 3810 Hispanis,
588 3717 622 3788 &
643 3721 835 3795 ,Germanis
869 3717 960 3792 lntet
981 3719 1036 3791 illa
1050 3719 1117 3792 sata
1131 3718 1178 3790 est
1194 3720 1284 3793 hand
1299 3722 1403 3793 dubie
1421 3723 1537 3821 aliqua

370 3815 625 3906 convenientia,
651 3817 687 3888 &
704 3820 836 3917 possunt
851 3817 1039 3890 locutiones
1055 3817 1183 3893 aclade
1198 3821 1331 3893 Gallica
1345 3822 1385 3892 ad
1402 3822 1537 3895 Gothi·

368 3930 444 3985 eam
459 3904 495 3982 ὃ(
510 3909 765 4010 Hispaniensem
779 3916 947 3995 transferri
959 3940 1019 4016 pet
1033 3919 1176 3993 modurn
1184 3926 1358 4019 capasiae:
1384 3920 1438 4029 sed
1449 3944 1537 3992 neu·

1400 4036 1534 4114 nquam
