3456 4718
207 291 318 385 ,cin
343 288 381 362 X
389 288 417 361 1.
473 258 634 367 Protoor
653 287 842 364 utineam
864 287 1027 380 Joannis
1046 277 1237 392 Apostoli.
1300 314 1375 393 143

205 419 383 494 firmandae
393 423 538 495 minime
550 437 630 517 apta
642 416 736 491 fuisse
750 418 927 510 videntur,
951 417 987 490 &
1004 416 1378 493 nondmultisadehin·

204 518 340 608 telledla
356 521 411 592 vel
428 519 578 616 probata.

252 616 324 688 IV.
374 648 408 712 y.
435 620 471 693 Si
486 617 585 690 Philo
601 613 758 712 quasdam
774 613 1097 710 vocesautphrases,
1123 639 1202 710 quas
1212 615 1374 691 Christia-

203 714 240 785 ni
255 713 298 786 de
314 715 380 787 Dei
396 735 513 788 natura
527 716 720 788 differentes
736 716 771 785 in
787 713 860 786 suos
868 734 1064 785 convertere
1073 714 1303 809 poll'entusus‚
1329 740 1372 789 eo

204 811 383 909 usurpasset
398 815 510 904 sensu,
535 816 590 885 cui
607 811 737 884 suberat
752 836 859 884 error:
886 836 955 883 non
970 810 1072 884 video
1080 832 1192 886 tamen
1200 814 1241 884 ad
1250 814 1313 884 alia
1321 837 1373 885 re·

202 906 280 984 ferri
304 912 420 1009 polle,
454 938 555 1010 quam
573 935 642 1006 que
658 910 726 1007 ipse
741 933 783 982 ex
798 911 973 1007 disciplina
987 910 1162 983 Platonica
1176 910 1313 984 tradidit
1327 911 1372 985 de

203 1006 293 1102 ho'yp
307 1058 320 1099 ,
336 1020 485 1083 Sermone
499 1011 554 1084 vel
569 1017 717 1099 Ratione,
741 1018 874 1101 Mente,
897 1014 981 1081 Filio
997 1028 1055 1080 aut
1071 1015 1273 1108 Primogcniro
1287 1016 1351 1081 Dei
1357 1035 1370 1082 .·

202 1127 278 1200 quae
295 1126 409 1180 tamen
424 1111 621 1206 neutiquam
634 1106 812 1180 abmlvunt
820 1127 1059 1206 argumentum
1068 1112 1193 1206 Prologr'
1201 1112 1370 1205 Evangelii

200 1207 346 1298 Joannir.
371 1209 553 1302 Apostolus
570 1209 659 1279 enim
675 1205 839 1300 praeterea
853 1210 888 1276 in
903 1206 962 1277 illo
970 1209 1099 1303 Prologo
1108 1205 1166 1277 suo
1173 1205 1319 1278 disseruit
1326 1205 1371 1278 de
1488 1224 1489 1228 ’
1526 1251 1532 1259 -

201 1302 292 1396 Λόγῳ
307 1315 466 1395 Sermone,
492 1324 530 1380 ut
546 1306 712 1377 Creatore'
723 1302 822 1397 hujus
837 1302 1016 1394 Universa,
1041 1302 1371 1398 ejusquehavhpurrs·

199 1430 244 1474 σει
259 1409 497 1496 Incarnatiom,
522 1404 565 1476 de
579 1399 701 1499 quibus
715 1400 770 1471 vel
783 1396 875 1471 redte
890 1399 1018 1498 scripsit
1033 1401 1149 1491 Philo,
1175 1400 1289 1474 Deum
1307 1426 1369 1473 no·

200 1496 331 1572 biseum
347 1503 473 1571 docens
488 1501 552 1572 esse
566 1499 667 1593 hujus
680 1495 840 1568 Universa
855 1497 1106 1587 Conditorem,
1131 1518 1169 1572 ut
1184 1499 1259 1572 satis
1274 1520 1369 1598 patet

201 1619 244 1668 ex
258 1595 368 1668 Libro
382 1597 453 1692 ejus
468 1596 512 1669 ‹le
524 1597 654 1698 opificio
670 1597 810 1679 Mundi,
836 1596 891 1666 vel
906 1596 990 1667 nihil
1005 1597 1133 1692 prorsus
1149 1597 1303 1686 tradidit,
1327 1616 1367 1671 ut

202 1691 251 1764 est
265 1693 393 1791 dogma
406 1702 648 1782 lucarnarr'onis,
672 1709 835 1788 tanquam
848 1694 905 1789 qui
914 1692 1370 1791 principiisChristianeRe·

199 1789 338 1887 ligionis
352 1795 547 1889 neutiquam
561 1792 627 1867 fuit
641 1788 812 1881 imbutus,
837 1791 999 1887 quicquid
1014 1794 1117 1864 etiarn
1128 1793 1368 1866 interVeteres

199 1889 302 1986 aliqui
318 1891 353 1961 in
366 1893 572 1964 contrarium
586 1889 630 1963 de
642 1886 787 1962 Philone
803 1887 977 1963 finxerint.
1000 1890 1165 1979 Proinde,
1192 1889 1369 1964 lidemon-
1426 1944 1431 1952 .

198 1986 292 2059 strari
330 2010 425 2078 ueat,
450 1989 594 2062 extitisse
608 1988 697 2062 circa
711 2005 781 2058 tem
807 2013 866 2059 ora
880 1988 1016 2073 loannis
1032 1989 1114 2061 alios
1129 1989 1288 2084 quosdam
1304 2012 1368 2060 no-

197 2106 251 2157 vae
265 2013 364 2158 scelat
380 2087 564 2186 Magistros
578 2089 613 2159 in
631 2085 702 2183 ipsa
709 2013 859 2159 Eccpefia
867 2083 1076 2176 Christiana,
1103 2083 1367 2182 quierronedlo·

197 2186 295 2282 quuti
308 2183 431 2258 suerint
446 2186 489 2259 de
502 2184 662 2259 omnibus
677 2183 741 2255 illis
757 2183 1014 2283 Dogmatibus,
1038 2208 1115 2282 quae
1130 2207 1243 2259 totum
1260 2209 1365 2265 occu.-

194 2301 277 2376 pant
292 2288 455 2382 Prologum
469 2285 568 2378 hujus
582 2286 771 2379 Evangelii.-
796 2283 886 2356 haud
899 2280 1002 2355 dubie
1012 2281 1217 2379 probabilior
1223 2287 1286 2356 erit
1292 2283 1364 2357 sen·

193 2382 318 2548 tentdia,
341 2383 508 2474 Joannem
522 2383 599 2456 illos
613 2377 787 2479 respexisse
800 2384 903 2478 quarn
919 2382 1164 2478 Philosophum
1179 2383 1271 2455 hunc
1283 2382 1363 2457 Ale·

191 2497 259 2549 xan
284 2502 405 2551 rrnum.
988 2492 999 2509 ‘

243 2576 293 2648 V.
341 2580 371 2645 l.
395 2576 461 2648 Sed
475 2577 569 2674 quod
584 2577 796 2673 praecipuum
811 2578 869 2649 hic
882 2575 951 2651 est:
977 2597 1045 2671 quq
1061 2575 1162 2648 Philo
1177 2576 1361 2650 secundum

145 2762 149 2767 Ι
192 2668 335 2770 systema
357 2673 588 2770 Philosophiae
611 2674 796 2767 Platonicae
818 2673 933 2747 Libris
955 2674 1019 2747 suis
1036 2671 1188 2770 insperfit
1202 2673 1245 2746 de
1259 2680 1391 2771 Lago„
1516 2720 1521 2743 r

193 2779 326 2859 Mente,
349 2776 433 2842 Filio
449 2792 496 2846 (θ’
512 2778 713 2870 Primogem'to
728 2779 810 2860 Dei,
834 2771 872 2843 &
887 2772 930 2844 de
943 2769 1057 2843 Tribus
1069 2792 1139 2866 que
1155 2770 1230 2843 sunt
1244 2777 1361 2863 Unum,
1492 2806 1498 2821 ·
1530 2774 1557 2823 -'

193 2868 331 2964 aliisque
346 2869 445 2965 hujus
458 2872 612 2968 generis3
638 2888 707 2942 tam
723 2870 799 2943 sunt
812 2869 923 2943 affinia
938 2893 1026 2943 verae
1040 2869 1212 2942 sententiae
1226 2867 1264 2939 &
1279 2868 1359 2943 fidei

192 2964 356 3041 Ecclefiae
370 2968 414 3040 de
427 2975 539 3040 Smila
552 2971 588 3040 T
583 2970 690 3056 riade,
714 2988 753 3040 ut
767 2992 890 3067 magna
903 2967 1104 3058 subtilitate,
1129 2967 1361 3064 perspicacita-

194 3081 248 3157 te,
273 3062 310 3135 δι
324 3068 443 3164 peritii
457 3093 545 3164 opus
561 3066 602 3140 srt
616 3069 651 3138 in
665 3065 926 3140 demonstrando
939 3064 1102 3138 doetrinae
1110 3067 1260 3139 Philonis
1270 3089 1360 3138 eno·

195 3187 251 3247 τες
276 3163 312 3237 ὃ(
326 3163 415 3239 forte
429 3167 541 3263 plures
557 3166 737 3239 Philonem
753 3166 818 3239 hac
832 3186 927 3264 parte
936 3163 979 3237 ab
986 3189 1098 3237 errore
1106 3164 1170 3237 lint
1177 3164 1360 3239 absoluturi

196 3257 235 3330 ἂ
249 3283 327 3332 eum
341 3263 494 3338 doehina
504 3266 645 3357 Joannis
659 3266 909 3363 comparaturi,
940 3261 1041 3361 quim
1056 3283 1095 3336 ut
1110 3265 1261 3361 putaturi
1275 3262 1359 3354 sint,

191 3355 359 3450 Joannem
373 3365 502 3438 necess'e
517 3363 665 3437 habuilse
679 3363 713 3437 se
727 3364 864 3437 Philoni
877 3386 1071 3461 opponere,
1095 3363 1131 3434 ὃ(
1146 3363 1360 3437 illius-Theo·

196 3455 324 3550 logiam
339 3457 401 3531 hac
416 3483 509 3554 parte
522 3464 709 3538 emendare.
742 3462 789 3536 Et
805 3463 861 3535 hic
875 3459 951 3536 sane
965 3462 1115 3558 prolixus
1130 3461 1150 3534 al
1164 3460 1262 3533 nobis
1276 3483 1359 3535 eon·

196 3554 1361 3841 ltlts‘hsslftffl}‘nllallllllsslllsslhllllill

525 3709 538 3750 ²

197 3748 235 3822 ὅ(
251 3749 346 3843 Λόγον
360 3753 448 3848 ejus:
495 3756 646 3830 conferre
661 3758 874 3832 instituerunt
887 3782 967 3831 cum
981 3755 1148 3829 Dodlrina
1156 3781 1234 3830 vera
1248 3758 1290 3830 de
1303 3763 1363 3829 tri·

197 3847 252 3922 bus
267 3855 453 3921 Divinam
467 3854 695 3954 Hypostafibm,
719 3881 795 3953 quae
810 3859 846 3929 in
861 3858 1002 3952 Scriptis
1018 3859 1066 3932 V.
1081 3854 1117 3927 &
1133 3855 1186 3929 N.
1199 3856 1246 3930 T.
1260 3855 1363 3928 tradi·

197 3964 269 4044 tur:
294 3947 351 4025 sed
366 3949 442 4027 vela
455 3951 655 4031 contraham
668 3956 849 4051 orationis,
873 3976 918 4029 ne
932 3955 1038 4031 nimia
1051 3953 1246 4054 prolixitate
1259 3953 1368 4129 &cta

844 4100 847 4105 '
1309 4074 1334 4152 P
