3456 4718
464 283 518 372 74
712 268 776 347 D'e
793 290 883 347 vera
902 258 1159 371 intelligentia
1179 254 1373 366 Beneficii
1411 304 1416 311 ·
1463 260 1565 342 Lrn.
1588 266 1652 349 V.

464 403 642 493 satiatum,
657 402 779 498 affisiu,
801 402 970 491 amicitiai,
996 396 1212 485 liberalitate,
1237 395 1655 491 qualemchatitasChn‘·

467 503 571 574 ssrana
587 501 725 591 suadet,
756 502 792 570 ὅ(
809 501 1030 598 spiritualium
1044 499 1214 570 donorum
1228 496 1540 571 communicatione
1556 550 1573 591 ,
1606 526 1653 577 a·

467 599 584 672 bunde
601 599 802 672 resarcirent.

516 697 610 770 Vll.
637 700 794 770 Placetne
808 697 1051 795 igiturpotius,
1076 693 1417 766 uthancsententiam
1427 693 1651 773 Dominiac-

468 795 572 888 cipias
587 794 622 866 &
638 799 890 893 interpretem,
922 815 1075 867 nontam
1091 794 1134 864 de
1150 793 1308 888 promisso
1323 791 1357 861 ὃ(
1374 797 1544 889 praemio,
1569 819 1648 893 quo

468 890 565 965 Deus
579 896 807 987 manfitetudim't
821 892 980 966 affeslum
995 893 1030 964 ὃ(
1046 894 1242 964 exercitium
1253 893 1286 962 in
1295 889 1651 969 hacvitaremunem-

469 1008 563 1062 turus
580 991 640 1081 srt,
665 995 823 1091 quamde
839 994 985 1090 quodam
1000 991 1142 1063 naturali
1156 990 1381 1087 consequente
1388 989 1488 1086 hujus
1495 998 1648 1087 virtuti,

468 1090 561 1183 quod
576 1095 661 1164 ratio
677 1091 789 1165 suadet
803 1094 838 1163 in
852 1094 1023 1164 Societate
1037 1090 1160 1179 Civili,
1185 1086 1209 1159 st
1223 1087 1360 1184 quidem
1376 1086 1648 1169 reuisehabeat

471 1186 507 1258 ὅ(
523 1190 789 1279 administretur,
814 1189 857 1261 ab
873 1216 911 1262 ea
926 1190 1063 1284 separari
1078 1191 1136 1259 vix
1151 1186 1253 1282 poll'e.
1278 1185 1370 1258 Cum
1385 1190 1477 1260 enim
1486 1189 1648 1264 mansue·
1686 1250 1691 1255 .

471 1287 715 1386 tioris'ingenii
736 1291 892 1362 homines
915 1289 1042 1384 injuriis
1057 1285 1120 1382 ipfi
1133 1287 1215 1357 alios
1230 1309 1300 1356 non
1314 1283 1490 1376 afficiant,
1521 1286 1560 1360 &
1577 1287 1646 1365 fibi

470 1382 574 1459 fatias
587 1385 687 1459 facile
701 1389 865 1473 tolerent;
891 1411 953 1458 nec
963 1386 1085 1459 laedant
1093 1385 1194 1472 alios,
1219 1407 1281 1455 nec
1289 1383 1544 1473 laedcrevelint3
1572 1411 1647 1463 nec

469 1481 584 1557 fitiant
597 1483 803 1572 vindislam·²
829 1509 893 1557 nec
906 1485 984 1557 odia
999 1483 1245 1578 simultatesque
1260 1484 1346 1554 inter
1361 1483 1393 1554 se
1406 1502 1464 1554 aut
1476 1508 1556 1556 cum
1564 1485 1647 1561 aliis

449 1584 608 1677 ‘geranta
634 1608 710 1679 quae
724 1586 888 1657 malorum
908 1587 994 1655 inter
1008 1585 1162 1654 homines
1176 1603 1293 1679 graves
1309 1581 1537 1670 caussaesun13
1562 1580 1643 1659 fieri

467 1697 506 1749 ut
520 1680 683 1777 ejusmodi
698 1684 854 1757 homines
867 1685 973 1754 vitam
988 1683 1076 1753 hanc
1091 1680 1304 1753 commodius
1319 1677 1355 1750 &
1370 1681 1534 1776 placidius
1548 1703 1645 1755 tran·

469 1776 599 1878 figant,
613 1782 722 1876 firmas
735 1805 825 1879 atque
837 1782 1002 1876 constantes
1014 1786 1170 1851 amicitias
1184 1796 1353 1876 pangant,
1378 1778 1478 1853 &sua
1485 1784 1644 1878 pacatius

301 1905 448 1960 comm
469 1901 509 1947 ae
524 1880 731 1973 tranquillius
748 1878 942 1975 poffideant.
966 1879 1048 1950 Huc
1057 1877 1212 1972 equidem
1221 1877 1442 1974 tenduntque
1450 1874 1644 1953 Grotiusld

207 1966 340 2021 ·lt.l.

469 1971 751 2047 &Hammondus
766 1971 965 2048 (bladhunc
973 1978 1086 2050 locum
1095 1974 1338 2072 adscripserunt
1345 2007 1358 2062 3
1383 1976 1443 2050 etsi
1450 1977 1643 2073 posterior,

468 2071 495 2144 si
510 2073 606 2168 pejor
618 2071 835 2170 Reipublicae
851 2073 952 2146 status
961 2099 1069 2178 prater
1083 2075 1220 2144 ordinem
1235 2076 1414 2148 mansuetis
1427 2074 1494 2147 hoc
1501 2074 1642 2155 bonum

468 2170 504 2240 in
527 2172 620 2242 terris
634 2191 763 2269 neget,
793 2170 963 2245 defessum
979 2174 1123 2270 suppleri
1138 2172 1221 2243 velit
1238 2174 1273 2242 in
1287 2173 1396 2246 coelis.
1444 2176 1555 2272 Atqui
1569 2200 1642 2277 ego

468 2270 665 2365 neutiquam
681 2293 791 2367 nego,
816 2273 852 2343 in
865 2273 1035 2345 Societate
1050 2271 1177 2360 civili,
1201 2269 1300 2355 bonis
1314 2272 1463 2369 Legibus
1470 2276 1646 2349 constitu·

468 2381 530 2454 ta,
562 2370 617 2440 cui
633 2367 715 2440 boni
730 2369 895 2443 Restares
911 2372 1082 2468 praesunt,
1106 2369 1143 2442 ὃ(
1157 2371 1297 2463 Judices
1313 2372 1400 2467 aequi
1413 2392 1514 2466 atque
1526 2373 1646 2447 animi

469 2464 605 2556 inflexi,
632 2469 664 2540 id
681 2471 727 2540 ita
742 2468 775 2541 se
790 2466 932 2561 habere,
957 2468 994 2541 &
1011 2471 1157 2543 essehoc
1172 2468 1241 2541 live
1282 2469 1645 2545 raemiumsrveconse-

469 2587 576 2661 quens
596 2571 855 2664 manfherudr'nis,
887 2570 926 2642 'ut
948 2572 1006 2667 qui
1028 2570 1083 2642 vel
1098 2569 1161 2641 lnlc
1175 2494 1309 2663 pratllti
1324 2569 1399 2642 sunt
1413 2569 1554 2660 indole,
1584 2570 1646 2647 vel

421 2719 430 2733 .
469 2667 528 2758 qui
543 2666 693 2739 animum
710 2666 853 2740 suumad
862 2667 1119 2740 hancvittutem
1129 2666 1307 2738 colendam
1316 2668 1543 2757 induxerunt,
1568 2670 1647 2765 pas·
1685 2717 1694 2747 t

470 2761 531 2835 srnr
551 2764 677 2861 majore
691 2769 726 2841 ‘tn
740 2766 804 2837 hac
818 2769 888 2838 vita
901 2765 1063 2840 felicitate
1076 2765 1131 2839 vel
1140 2765 1251 2837 saltem
1260 2767 1522 2865 tranquillitate,
1547 2765 1646 2844 &fe

469 2861 977 2952 licitatisconstantiifruantur,
1002 2864 1175 2938 &ressuas
1184 2864 1312 2938 firmius
1322 2867 1508 2956 stabiliant,
1532 2866 1647 2962 quim

470 2964 529 3057 qui
552 2963 585 3032 se
610 2965 694 3050 irae,
725 2963 833 3054 odio,
865 2962 902 3034 δί
918 2965 1099 3063 cupiditati
1111 2962 1273 3037 vinditiae
1287 2966 1381 3036 omni
1395 2964 1576 3036 occafione
1589 2985 1650 3042 te·

468 3055 562 3128 mere
576 3057 611 3128 ὅ(
627 3060 857 3154 imprudenter
870 3067 1094 3138 committunt
1110 3112 1122 3151 ,
1147 3061 1183 3132 ὅ(
1200 3061 1380 3135 simultates
1393 3084 1472 3132 cum
1487 3061 1562 3134 aliis
1578 3084 1649 3161 ge·

466 3175 571 3244 runt,
603 3179 743 3251 quarum
767 3180 907 3232 eventus
929 3158 1160 3257 saepenumero
1181 3161 1287 3232 tristes
1303 3168 1378 3233 lunt
1393 3158 1428 3228 ὃ(
1443 3161 1650 3255 perniciosi.

423 3293 428 3300 ·
468 3254 544 3327 imo
559 3254 593 3325 id
609 3257 771 3352 praterea
785 3258 902 3332 lubens
917 3263 1022 3352 cedo,
1047 3261 1182 3350 Deum,
1206 3261 1338 3333 virtutis
1352 3259 1463 3332 omnis
1477 3282 1647 3337 remune-

1546 3382 1648 3435 ΜΟ·

467 3477 525 3557 (a)
546 3472 672 3540 Grotius
687 3476 725 3538 ad
736 3477 792 3540 hi.
815 3471 867 3539 'rili
879 3481 924 3552 pit
939 3493 1036 3541 autem
1048 3479 1141 3542 dicere
1153 3480 1276 3543 videtur
1287 3482 1414 3546 ultimis
1429 3495 1548 3562 ATQUE
1556 3498 1646 3550 cott-

508 3574 657 3624 srnntes
680 3577 852 3625 Atticinus
867 3608 876 3640 ,
904 3585 965 3649 quae
982 3586 1014 3624 tn
1027 3562 1072 3626 his
1083 3572 1169 3627 terris
1181 3563 1260 3650 longi
1273 3573 1382 3650 optima
1394 3561 1572 3792 estlasseffio.
1593 3566 1643 3635 ba

508 3659 607 3704 autem
631 3662 794 3728 comparare
806 3645 863 3724 Jibt
876 3645 966 3724 facile*
977 3646 1070 3726 solent
1092 3656 1142 3735 qui
1165 3656 1231 3710 miti
1245 3647 1413 3735 placidoque
1445 3660 1499 3709 unt
1519 3658 1645 3723 anime

527 3751 551 3786 u.
565 3750 672 3812 nquam
688 3727 728 3800 δ’
744 3730 784 3791 ad
793 3727 868 3791 alias
882 3753 926 3791 ret
939 3737 1061 3793 minores
1073 3731 1188 3795 tuenda
1201 3730 1416 3794 maltumvalet
1439 3737 1600 3798 aecvirins.
1633 3736 1639 3745 ’

467 3749 526 3892 (ὃς
549 3811 739 3875 llatnrnond.
751 3812 881 3898 Pamph.
902 3810 964 3899 Qui
976 3822 1071 3876 animo
1078 3817 1150 3895 siant
1163 3821 1257 3903 quieto
1271 3815 1311 3890 ὓ)
1322 3814 1506 3900 potestatibus
1513 3829 1645 3900 parm,

500 3893 669 3981 pleramque
695 3897 896 3986 tranquillam·
910 3905 1010 3959 vitam
1027 3912 1138 3983 agunt,
1169 3899 1652 4047 magfirataamquepnretirm

1479 4004 1502 4046 Ι

499 3982 662 4059 fruuntur:
684 3978 724 4049 ἐπ’
737 4002 802 4041 cum
816 4001 867 4042 nec
879 3981 950 4042 bona
962 4002 1012 4043 nec
1024 3994 1125 4043 vitam
1136 3988 1273 4132 cuiquam
1285 3989 1429 4071 eripiant,
1501 3981 1652 4069 plerum·

505 4084 560 4153 que
572 4059 613 4137 ὃ
625 4063 782 4149 tranquilli
793 4060 848 4130 hac
858 4070 890 4130 iti
901 4076 980 4171 terra
991 4069 1105 4131 vivunt
1111 4083 1124 4148 3
1144 4062 1173 4132 ἃ
1194 4082 1267 4150 eqq.
1292 4076 1298 4092 '
