<?xml version="1.0" encoding="UTF-8"?>
<!DOCTYPE html PUBLIC "-//W3C//DTD XHTML 1.0 Transitional//EN"
    "http://www.w3.org/TR/xhtml1/DTD/xhtml1-transitional.dtd">
<html xmlns="http://www.w3.org/1999/xhtml" xml:lang="en" lang="en">
 <head>
  <title>
</title>
<meta http-equiv="Content-Type" content="text/html;charset=utf-8" />
  <meta name='ocr-system' content='tesseract 3.04.00' />
  <meta name='ocr-capabilities' content='ocr_page ocr_carea ocr_par ocr_line ocrx_word'/>
</head>
<body>
  <div class='ocr_page' id='page_1' title='image "./campegiivitring00vitrgoog_0513.png"; bbox 0 0 3456 4718; ppageno 0'>
   <div class='ocr_carea' id='block_1_1' title="bbox 203 286 1373 404">
    <p class='ocr_par' dir='ltr' id='par_1_1' title="bbox 203 286 1373 404">
     <span class='ocr_line' id='line_1_1' title="bbox 203 286 1373 404; baseline 0.004 -27"><span class='ocrx_word' id='word_1_1' title='bbox 203 297 311 377; x_wconf 74' lang='lat' dir='ltr'>Can.</span> <span class='ocrx_word' id='word_1_2' title='bbox 332 291 439 373; x_wconf 82' lang='lat' dir='ltr'><strong>XIV.</strong></span> <span class='ocrx_word' id='word_1_3' title='bbox 493 286 675 379; x_wconf 69' lang='lat' dir='ltr'>Istailitis</span> <span class='ocrx_word' id='word_1_4' title='bbox 695 298 736 378; x_wconf 91' lang='lat' dir='ltr'>in</span> <span class='ocrx_word' id='word_1_5' title='bbox 754 288 896 378; x_wconf 81' lang='lat' dir='ltr'>Arabia</span> <span class='ocrx_word' id='word_1_6' title='bbox 914 288 1151 403; x_wconf 83' lang='lat' dir='ltr'>praelucente.</span> <span class='ocrx_word' id='word_1_7' title='bbox 1291 296 1373 404; x_wconf 70' lang='lat'>179&#39;</span> 
     </span>
    </p>
   </div>
   <div class='ocr_carea' id='block_1_2' title="bbox 190 424 1550 3363">
    <p class='ocr_par' dir='ltr' id='par_1_2' title="bbox 200 424 1550 1308">
     <span class='ocr_line' id='line_1_2' title="bbox 202 424 1372 530; baseline 0.003 -31"><span class='ocrx_word' id='word_1_8' title='bbox 202 427 354 526; x_wconf 79' lang='lat' dir='ltr'>&#39;gaudum</span> <span class='ocrx_word' id='word_1_9' title='bbox 368 445 483 503; x_wconf 86' lang='lat' dir='ltr'>tamen</span> <span class='ocrx_word' id='word_1_10' title='bbox 495 451 581 527; x_wconf 92' lang='lat' dir='ltr'>puto</span> <span class='ocrx_word' id='word_1_11' title='bbox 596 430 671 530; x_wconf 91' lang='lat' dir='ltr'>post</span> <span class='ocrx_word' id='word_1_12' title='bbox 685 432 787 521; x_wconf 88' lang='lat' dir='ltr'>alios,</span> <span class='ocrx_word' id='word_1_13' title='bbox 799 439 936 503; x_wconf 34' lang='lat' dir='ltr'>‘Arcam</span> <span class='ocrx_word' id='word_1_14' title='bbox 952 427 1181 518; x_wconf 71' lang='lat' dir='ltr'>iKohathiris,</span> <span class='ocrx_word' id='word_1_15' title='bbox 1205 444 1263 501; x_wconf 88' lang='lat' dir='ltr'>aut</span> <span class='ocrx_word' id='word_1_16' title='bbox 1277 424 1297 500; x_wconf 71' lang='lat' dir='ltr'>d</span> <span class='ocrx_word' id='word_1_17' title='bbox 1312 431 1372 504; x_wconf 86' lang='lat' dir='ltr'>Sa·</span> 
     </span>
     <span class='ocr_line' id='line_1_3' title="bbox 202 525 1371 626; baseline 0.002 -27"><span class='ocrx_word' id='word_1_18' title='bbox 202 525 416 615; x_wconf 87' lang='lat' dir='ltr'>cerdotibus,</span> <span class='ocrx_word' id='word_1_19' title='bbox 442 525 605 603; x_wconf 87' lang='lat' dir='ltr'>Exercitu</span> <span class='ocrx_word' id='word_1_20' title='bbox 619 531 933 626; x_wconf 88' lang='lat' dir='ltr'>iterpromovente,</span> <span class='ocrx_word' id='word_1_21' title='bbox 959 527 995 597; x_wconf 90' lang='lat' dir='ltr'>in</span> <span class='ocrx_word' id='word_1_22' title='bbox 1004 525 1285 599; x_wconf 85' lang='lat' dir='ltr'>medioExercitu</span> <span class='ocrx_word' id='word_1_23' title='bbox 1293 549 1371 622; x_wconf 90' lang='lat' dir='ltr'>por·</span> 
     </span>
     <span class='ocr_line' id='line_1_4' title="bbox 201 623 1371 724; baseline 0.003 -30"><span class='ocrx_word' id='word_1_24' title='bbox 201 639 310 694; x_wconf 89' lang='lat' dir='ltr'>tatam</span> <span class='ocrx_word' id='word_1_25' title='bbox 330 624 405 695; x_wconf 79' lang='lat' dir='ltr'>esse.</span> <span class='ocrx_word' id='word_1_26' title='bbox 440 623 656 702; x_wconf 82' lang='lat' dir='ltr'>Contrarium</span> <span class='ocrx_word' id='word_1_27' title='bbox 678 628 747 724; x_wconf 92' lang='lat' dir='ltr'>ipse</span> <span class='ocrx_word' id='word_1_28' title='bbox 768 629 883 701; x_wconf 87' lang='lat' dir='ltr'>Moses</span> <span class='ocrx_word' id='word_1_29' title='bbox 897 624 1018 696; x_wconf 90' lang='lat' dir='ltr'>eodem</span> <span class='ocrx_word' id='word_1_30' title='bbox 1034 623 1093 695; x_wconf 92' lang='lat' dir='ltr'>illo</span> <span class='ocrx_word' id='word_1_31' title='bbox 1107 625 1142 695; x_wconf 93' lang='lat' dir='ltr'>in</span> <span class='ocrx_word' id='word_1_32' title='bbox 1156 623 1235 695; x_wconf 91' lang='lat' dir='ltr'>loco</span> <span class='ocrx_word' id='word_1_33' title='bbox 1251 625 1371 716; x_wconf 85' lang='lat' dir='ltr'>tradit,</span> 
     </span>
     <span class='ocr_line' id='line_1_5' title="bbox 200 718 1547 822; baseline 0.001 -31"><span class='ocrx_word' id='word_1_34' title='bbox 200 720 294 793; x_wconf 91' lang='lat' dir='ltr'>unde</span> <span class='ocrx_word' id='word_1_35' title='bbox 307 718 499 795; x_wconf 68' lang='lat' dir='ltr'>Dosiissimi</span> <span class='ocrx_word' id='word_1_36' title='bbox 514 726 590 800; x_wconf 88' lang='lat' dir='ltr'>Viri</span> <span class='ocrx_word' id='word_1_37' title='bbox 604 725 838 822; x_wconf 87' lang='lat' dir='ltr'>probationem</span> <span class='ocrx_word' id='word_1_38' title='bbox 855 725 945 798; x_wconf 88' lang='lat' dir='ltr'>suam</span> <span class='ocrx_word' id='word_1_39' title='bbox 954 722 1153 812; x_wconf 88' lang='lat' dir='ltr'>desumunt,</span> <span class='ocrx_word' id='word_1_40' title='bbox 1177 720 1287 794; x_wconf 89' lang='lat' dir='ltr'>verbis</span> <span class='ocrx_word' id='word_1_41' title='bbox 1296 720 1371 794; x_wconf 72' lang='lat' dir='ltr'>sane</span> <span class='ocrx_word' id='word_1_42' title='bbox 1383 741 1547 805; x_wconf 64' lang='lat' dir='ltr'>nimian.</span> 
     </span>
     <span class='ocr_line' id='line_1_6' title="bbox 202 803 1523 927; baseline 0.003 -39"><span class='ocrx_word' id='word_1_43' title='bbox 202 840 304 914; x_wconf 81' lang='lat' dir='ltr'>quam</span> <span class='ocrx_word' id='word_1_44' title='bbox 320 817 500 892; x_wconf 69' lang='lat' dir='ltr'>clarissimis</span> <span class='ocrx_word' id='word_1_45' title='bbox 515 851 524 897; x_wconf 90' lang='lat'>:</span> <span class='ocrx_word' id='word_1_46' title='bbox 557 832 600 896; x_wconf 84' lang='lat' dir='ltr'>Et</span> <span class='ocrx_word' id='word_1_47' title='bbox 608 829 736 927; x_wconf 75' lang='lat' dir='ltr'>professi</span> <span class='ocrx_word' id='word_1_48' title='bbox 743 828 816 919; x_wconf 73' lang='lat' dir='ltr'>[rant</span> <span class='ocrx_word' id='word_1_49' title='bbox 830 821 849 895; x_wconf 75' lang='grc' dir='ltr'><strong><em>ὶ</em></strong></span> <span class='ocrx_word' id='word_1_50' title='bbox 863 843 961 895; x_wconf 81' lang='lat' dir='ltr'>monte</span> <span class='ocrx_word' id='word_1_51' title='bbox 974 825 1120 907; x_wconf 80' lang='lat' dir='ltr'>Domini,</span> <span class='ocrx_word' id='word_1_52' title='bbox 1145 826 1237 890; x_wconf 83' lang='lat' dir='ltr'>trium</span> <span class='ocrx_word' id='word_1_53' title='bbox 1250 803 1523 914; x_wconf 51' lang='lat' dir='ltr'>dierum-ge‚¹⁹·⁴’&#39;&#39;</span> 
     </span>
     <span class='ocr_line' id='line_1_7' title="bbox 202 916 1550 1017; baseline 0.003 -30"><span class='ocrx_word' id='word_1_54' title='bbox 202 919 461 1010; x_wconf 75' lang='lat' dir='ltr'>conftsloirinere,</span> <span class='ocrx_word' id='word_1_55' title='bbox 484 923 601 994; x_wconf 66' lang='lat' dir='ltr'>mum</span> <span class='ocrx_word' id='word_1_56' title='bbox 613 945 668 996; x_wconf 82' lang='lat' dir='ltr'>nou</span> <span class='ocrx_word' id='word_1_57' title='bbox 681 943 755 994; x_wconf 69' lang='lat' dir='ltr'>rurs·</span> <span class='ocrx_word' id='word_1_58' title='bbox 767 943 845 994; x_wconf 68' lang='lat' dir='ltr'>rra:</span> <span class='ocrx_word' id='word_1_59' title='bbox 859 944 918 1017; x_wconf 73' lang='lat' dir='ltr'>pun</span> <span class='ocrx_word' id='word_1_60' title='bbox 934 916 1367 991; x_wconf 61' lang='lat' dir='ltr'>&amp;AnanonumusDo-</span> <span class='ocrx_word' id='word_1_61' title='bbox 1395 928 1499 978; x_wconf 65' lang='lat' dir='ltr'>uma.</span> <span class='ocrx_word' id='word_1_62' title='bbox 1510 940 1550 982; x_wconf 77' lang='lat' dir='ltr'>u·</span> 
     </span>
     <span class='ocr_line' id='line_1_8' title="bbox 202 1017 1367 1103; baseline 0.002 -17"><span class='ocrx_word' id='word_1_63' title='bbox 202 1036 287 1086; x_wconf 70' lang='lat' dir='ltr'>nuru</span> <span class='ocrx_word' id='word_1_64' title='bbox 303 1038 632 1089; x_wconf 74' lang='lat' dir='ltr'>nnorrcrscuunrun</span> <span class='ocrx_word' id='word_1_65' title='bbox 645 1036 747 1086; x_wconf 76' lang='lat' dir='ltr'>Auru</span> <span class='ocrx_word' id='word_1_66' title='bbox 761 1036 821 1083; x_wconf 77' lang='lat' dir='ltr'>nos</span> <span class='ocrx_word' id='word_1_67' title='bbox 835 1064 849 1103; x_wconf 91' lang='lat'>,</span> <span class='ocrx_word' id='word_1_68' title='bbox 879 1020 987 1085; x_wconf 79' lang='lat' dir='ltr'>itinere</span> <span class='ocrx_word' id='word_1_69' title='bbox 1000 1022 1093 1086; x_wconf 77' lang='lat' dir='ltr'>trium</span> <span class='ocrx_word' id='word_1_70' title='bbox 1106 1017 1209 1087; x_wconf 80' lang='lat' dir='ltr'>dirum</span> <span class='ocrx_word' id='word_1_71' title='bbox 1223 1064 1236 1103; x_wconf 94' lang='lat'>,</span> <span class='ocrx_word' id='word_1_72' title='bbox 1260 1038 1292 1086; x_wconf 79' lang='lat' dir='ltr'>ur</span> <span class='ocrx_word' id='word_1_73' title='bbox 1306 1041 1367 1088; x_wconf 76' lang='lat' dir='ltr'>nx·</span> 
     </span>
     <span class='ocr_line' id='line_1_9' title="bbox 200 1109 1366 1216; baseline 0.005 -33"><span class='ocrx_word' id='word_1_74' title='bbox 200 1132 398 1184; x_wconf 67' lang='lat' dir='ltr'>Pronurus</span> <span class='ocrx_word' id='word_1_75' title='bbox 413 1137 558 1201; x_wconf 77' lang='lat' dir='ltr'>uocum,</span> <span class='ocrx_word' id='word_1_76' title='bbox 581 1117 615 1181; x_wconf 84' lang='lat' dir='ltr'>in</span> <span class='ocrx_word' id='word_1_77' title='bbox 629 1138 687 1208; x_wconf 83' lang='lat' dir='ltr'>quo</span> <span class='ocrx_word' id='word_1_78' title='bbox 701 1109 853 1182; x_wconf 72' lang='lat' dir='ltr'>commode*</span> <span class='ocrx_word' id='word_1_79' title='bbox 864 1115 1041 1210; x_wconf 77' lang='lat' dir='ltr'>requiescere</span> <span class='ocrx_word' id='word_1_80' title='bbox 1048 1115 1163 1216; x_wconf 67' lang='lat' dir='ltr'>possent.</span> <span class='ocrx_word' id='word_1_81' title='bbox 1195 1110 1299 1186; x_wconf 90' lang='lat' dir='ltr'>Nihil</span> <span class='ocrx_word' id='word_1_82' title='bbox 1313 1114 1366 1190; x_wconf 80' lang='lat' dir='ltr'>hir</span> 
     </span>
     <span class='ocr_line' id='line_1_10' title="bbox 200 1208 693 1308; baseline -0.002 -28"><span class='ocrx_word' id='word_1_83' title='bbox 200 1208 310 1281; x_wconf 86' lang='lat' dir='ltr'>verbis</span> <span class='ocrx_word' id='word_1_84' title='bbox 322 1210 391 1283; x_wconf 90' lang='lat' dir='ltr'>dici</span> <span class='ocrx_word' id='word_1_85' title='bbox 406 1210 693 1308; x_wconf 90' lang='lat' dir='ltr'>potestliquidius.</span> 
     </span>
    </p>

    <p class='ocr_par' dir='ltr' id='par_1_3' title="bbox 195 1303 1366 2092">
     <span class='ocr_line' id='line_1_11' title="bbox 246 1303 1361 1405; baseline 0.004 -24"><span class='ocrx_word' id='word_1_86' title='bbox 246 1308 328 1383; x_wconf 90' lang='lat' dir='ltr'>XV</span> <span class='ocrx_word' id='word_1_87' title='bbox 339 1308 415 1381; x_wconf 80' lang='lat'><em>111.</em></span> <span class='ocrx_word' id='word_1_88' title='bbox 440 1313 601 1404; x_wconf 78' lang='lat' dir='ltr'>Qrorum</span> <span class='ocrx_word' id='word_1_89' title='bbox 618 1308 689 1379; x_wconf 88' lang='lat' dir='ltr'>vim</span> <span class='ocrx_word' id='word_1_90' title='bbox 703 1303 763 1378; x_wconf 91' lang='lat' dir='ltr'>ubi</span> <span class='ocrx_word' id='word_1_91' title='bbox 777 1303 884 1378; x_wconf 67' lang='lat' dir='ltr'>Docti</span> <span class='ocrx_word' id='word_1_92' title='bbox 899 1308 976 1405; x_wconf 87' lang='lat' dir='ltr'>Viri</span> <span class='ocrx_word' id='word_1_93' title='bbox 984 1308 1048 1381; x_wconf 77' lang='lat' dir='ltr'>haic</span> <span class='ocrx_word' id='word_1_94' title='bbox 1056 1308 1188 1380; x_wconf 90' lang='lat' dir='ltr'>eludere</span> <span class='ocrx_word' id='word_1_95' title='bbox 1195 1332 1361 1386; x_wconf 86' lang='lat' dir='ltr'>conantur</span> 
     </span>
     <span class='ocr_line' id='line_1_12' title="bbox 199 1405 1364 1505; baseline 0.005 -28"><span class='ocrx_word' id='word_1_96' title='bbox 199 1405 430 1502; x_wconf 81' lang='lat' dir='ltr'>exceptione,</span> <span class='ocrx_word' id='word_1_97' title='bbox 463 1406 556 1503; x_wconf 94' lang='lat' dir='ltr'>quod</span> <span class='ocrx_word' id='word_1_98' title='bbox 571 1407 719 1474; x_wconf 74' lang='lat' dir='ltr'>Columna</span> <span class='ocrx_word' id='word_1_99' title='bbox 731 1405 818 1492; x_wconf 71' lang='lat' dir='ltr'>isla,</span> <span class='ocrx_word' id='word_1_100' title='bbox 849 1405 979 1479; x_wconf 85' lang='lat' dir='ltr'>etiamst</span> <span class='ocrx_word' id='word_1_101' title='bbox 993 1406 1145 1479; x_wconf 90' lang='lat' dir='ltr'>medium</span> <span class='ocrx_word' id='word_1_102' title='bbox 1161 1408 1196 1479; x_wconf 95' lang='lat' dir='ltr'>in</span> <span class='ocrx_word' id='word_1_103' title='bbox 1212 1410 1364 1505; x_wconf 79' lang='lat' dir='ltr'>processu</span> 
     </span>
     <span class='ocr_line' id='line_1_13' title="bbox 199 1499 1363 1602; baseline 0.005 -29"><span class='ocrx_word' id='word_1_104' title='bbox 199 1503 288 1574; x_wconf 89' lang='lat' dir='ltr'>inter</span> <span class='ocrx_word' id='word_1_105' title='bbox 302 1501 410 1575; x_wconf 90' lang='lat' dir='ltr'>tribus</span> <span class='ocrx_word' id='word_1_106' title='bbox 423 1518 630 1598; x_wconf 86' lang='lat' dir='ltr'>occuparent</span> <span class='ocrx_word' id='word_1_107' title='bbox 645 1500 786 1586; x_wconf 84' lang='lat' dir='ltr'>locum,</span> <span class='ocrx_word' id='word_1_108' title='bbox 810 1499 854 1571; x_wconf 87' lang='lat' dir='ltr'>ab</span> <span class='ocrx_word' id='word_1_109' title='bbox 869 1502 1031 1576; x_wconf 83' lang='lat' dir='ltr'>Exercitu</span> <span class='ocrx_word' id='word_1_110' title='bbox 1045 1523 1160 1576; x_wconf 92' lang='lat' dir='ltr'>tamen</span> <span class='ocrx_word' id='word_1_111' title='bbox 1175 1523 1250 1579; x_wconf 92' lang='lat' dir='ltr'>toto</span> <span class='ocrx_word' id='word_1_112' title='bbox 1266 1503 1363 1602; x_wconf 61' lang='lat' dir='ltr'>sacis&amp;</span> 
     </span>
     <span class='ocr_line' id='line_1_14' title="bbox 199 1594 1365 1697; baseline 0.004 -27"><span class='ocrx_word' id='word_1_113' title='bbox 199 1603 375 1695; x_wconf 88' lang='lat' dir='ltr'>potuerint</span> <span class='ocrx_word' id='word_1_114' title='bbox 389 1598 559 1673; x_wconf 89' lang='lat' dir='ltr'>observari</span> <span class='ocrx_word' id='word_1_115' title='bbox 575 1623 583 1668; x_wconf 95' lang='lat'><strong>:</strong></span> <span class='ocrx_word' id='word_1_116' title='bbox 612 1597 698 1671; x_wconf 89' lang='lat' dir='ltr'>mihi</span> <span class='ocrx_word' id='word_1_117' title='bbox 712 1594 789 1669; x_wconf 69' lang='lat' dir='ltr'>sant?</span> <span class='ocrx_word' id='word_1_118' title='bbox 805 1601 1001 1695; x_wconf 87' lang='lat' dir='ltr'>neutiquam</span> <span class='ocrx_word' id='word_1_119' title='bbox 1014 1601 1232 1677; x_wconf 85' lang='lat' dir='ltr'>satisfaciunt.</span> <span class='ocrx_word' id='word_1_120' title='bbox 1264 1606 1365 1697; x_wconf 83' lang='lat' dir='ltr'>Qro-</span> 
     </span>
     <span class='ocr_line' id='line_1_15' title="bbox 199 1693 1365 1795; baseline 0.006 -28"><span class='ocrx_word' id='word_1_121' title='bbox 199 1696 306 1768; x_wconf 90' lang='lat' dir='ltr'>modo</span> <span class='ocrx_word' id='word_1_122' title='bbox 327 1699 418 1769; x_wconf 90' lang='lat' dir='ltr'>enim</span> <span class='ocrx_word' id='word_1_123' title='bbox 458 1723 509 1772; x_wconf 88' lang='lat' dir='ltr'>uae</span> <span class='ocrx_word' id='word_1_124' title='bbox 524 1714 654 1795; x_wconf 86' lang='lat' dir='ltr'>partem</span> <span class='ocrx_word' id='word_1_125' title='bbox 668 1694 847 1767; x_wconf 85' lang='lat' dir='ltr'>Exercitus</span> <span class='ocrx_word' id='word_1_126' title='bbox 861 1693 998 1770; x_wconf 80' lang='lat' dir='ltr'>tantbm</span> <span class='ocrx_word' id='word_1_127' title='bbox 1015 1700 1208 1793; x_wconf 85' lang='lat' dir='ltr'>praecessere</span> <span class='ocrx_word' id='word_1_128' title='bbox 1221 1699 1365 1775; x_wconf 89' lang='lat' dir='ltr'>Colum·</span> 
     </span>
     <span class='ocr_line' id='line_1_16' title="bbox 195 1720 1366 1893; baseline 0.009 -31"><span class='ocrx_word' id='word_1_129' title='bbox 195 1814 272 1883; x_wconf 88' lang='lat' dir='ltr'>nae,</span> <span class='ocrx_word' id='word_1_130' title='bbox 296 1813 409 1868; x_wconf 90' lang='lat' dir='ltr'>totum</span> <span class='ocrx_word' id='word_1_131' title='bbox 423 1720 621 1869; x_wconf 55' lang='lat' dir='ltr'>Exercitum</span> <span class='ocrx_word' id='word_1_132' title='bbox 636 1793 759 1866; x_wconf 71' lang='lat' dir='ltr'>ducem</span> <span class='ocrx_word' id='word_1_133' title='bbox 773 1793 979 1890; x_wconf 88' lang='lat' dir='ltr'>potuerunt?</span> <span class='ocrx_word' id='word_1_134' title='bbox 1004 1795 1070 1869; x_wconf 89' lang='lat' dir='ltr'>Vel</span> <span class='ocrx_word' id='word_1_135' title='bbox 1079 1797 1366 1893; x_wconf 86' lang='lat' dir='ltr'>quomododuxo·</span> 
     </span>
     <span class='ocr_line' id='line_1_17' title="bbox 197 1889 1364 1991; baseline 0.006 -29"><span class='ocrx_word' id='word_1_136' title='bbox 197 1891 267 1963; x_wconf 87' lang='lat' dir='ltr'>rint</span> <span class='ocrx_word' id='word_1_137' title='bbox 282 1917 368 1991; x_wconf 89' lang='lat' dir='ltr'>quos</span> <span class='ocrx_word' id='word_1_138' title='bbox 381 1894 527 1990; x_wconf 85' lang='lat' dir='ltr'>sequutae</span> <span class='ocrx_word' id='word_1_139' title='bbox 541 1889 639 1968; x_wconf 93' lang='lat' dir='ltr'>sunt?</span> <span class='ocrx_word' id='word_1_140' title='bbox 662 1893 735 1965; x_wconf 88' lang='lat' dir='ltr'>Aut</span> <span class='ocrx_word' id='word_1_141' title='bbox 748 1893 923 1988; x_wconf 90' lang='lat' dir='ltr'>quomodo</span> <span class='ocrx_word' id='word_1_142' title='bbox 935 1894 1034 1988; x_wconf 85' lang='lat' dir='ltr'>Judae</span> <span class='ocrx_word' id='word_1_143' title='bbox 1049 1892 1085 1965; x_wconf 90' lang='lat'>&amp;</span> <span class='ocrx_word' id='word_1_144' title='bbox 1099 1892 1255 1967; x_wconf 91' lang='lat' dir='ltr'>Rubenis</span> <span class='ocrx_word' id='word_1_145' title='bbox 1268 1895 1364 1987; x_wconf 83' lang='lat' dir='ltr'>Alae,</span> 
     </span>
     <span class='ocr_line' id='line_1_18' title="bbox 196 1987 1364 2092; baseline 0.005 -32"><span class='ocrx_word' id='word_1_146' title='bbox 196 2010 268 2085; x_wconf 66' lang='lat' dir='ltr'>que</span> <span class='ocrx_word' id='word_1_147' title='bbox 290 2014 334 2063; x_wconf 83' lang='lat' dir='ltr'>ex</span> <span class='ocrx_word' id='word_1_148' title='bbox 347 1990 403 2067; x_wconf 84' lang='lat' dir='ltr'>sex</span> <span class='ocrx_word' id='word_1_149' title='bbox 416 1994 622 2092; x_wconf 88' lang='lat' dir='ltr'>integrarum</span> <span class='ocrx_word' id='word_1_150' title='bbox 636 1987 808 2065; x_wconf 89' lang='lat' dir='ltr'>Tribuum</span> <span class='ocrx_word' id='word_1_151' title='bbox 822 1989 1033 2090; x_wconf 87' lang='lat' dir='ltr'>Legionibus</span> <span class='ocrx_word' id='word_1_152' title='bbox 1046 1991 1244 2089; x_wconf 84' lang='lat' dir='ltr'>composrtae</span> <span class='ocrx_word' id='word_1_153' title='bbox 1258 2043 1272 2084; x_wconf 98' lang='lat'>,</span> <span class='ocrx_word' id='word_1_154' title='bbox 1303 1994 1364 2066; x_wconf 87' lang='lat' dir='ltr'>ali·</span> 
     </span>
    </p>

    <p class='ocr_par' dir='ltr' id='par_1_4' title="bbox 190 2086 1540 3363">
     <span class='ocr_line' id='line_1_19' title="bbox 220 2086 1364 2191; baseline 0.004 -31"><span class='ocrx_word' id='word_1_155' title='bbox 220 2106 282 2160; x_wconf 90' lang='lat' dir='ltr'>uot</span> <span class='ocrx_word' id='word_1_156' title='bbox 296 2089 474 2163; x_wconf 90' lang='lat' dir='ltr'>hominum</span> <span class='ocrx_word' id='word_1_157' title='bbox 489 2090 654 2191; x_wconf 83' lang='lat' dir='ltr'>myriadas</span> <span class='ocrx_word' id='word_1_158' title='bbox 669 2086 876 2180; x_wconf 85' lang='lat' dir='ltr'>effecerunt,</span> <span class='ocrx_word' id='word_1_159' title='bbox 900 2093 936 2163; x_wconf 91' lang='lat' dir='ltr'>in</span> <span class='ocrx_word' id='word_1_160' title='bbox 950 2089 1049 2162; x_wconf 87' lang='lat' dir='ltr'>vastis</span> <span class='ocrx_word' id='word_1_161' title='bbox 1057 2089 1292 2164; x_wconf 89' lang='lat' dir='ltr'>solitudinibus</span> <span class='ocrx_word' id='word_1_162' title='bbox 1299 2091 1364 2165; x_wconf 83' lang='lat' dir='ltr'>iter</span> 
     </span>
     <span class='ocr_line' id='line_1_20' title="bbox 194 2108 1364 2287; baseline 0 -28"><span class='ocrx_word' id='word_1_163' title='bbox 194 2108 293 2260; x_wconf 56' lang='lat' dir='ltr'>duum</span> <span class='ocrx_word' id='word_1_164' title='bbox 313 2187 460 2287; x_wconf 88' lang='lat' dir='ltr'>dirigere</span> <span class='ocrx_word' id='word_1_165' title='bbox 472 2206 657 2285; x_wconf 85' lang='lat' dir='ltr'>potuerunt</span> <span class='ocrx_word' id='word_1_166' title='bbox 669 2186 794 2284; x_wconf 83' lang='lat' dir='ltr'>absque</span> <span class='ocrx_word' id='word_1_167' title='bbox 808 2189 874 2260; x_wconf 84' lang='lat' dir='ltr'>viae</span> <span class='ocrx_word' id='word_1_168' title='bbox 886 2189 1001 2280; x_wconf 89' lang='lat' dir='ltr'>duce,</span> <span class='ocrx_word' id='word_1_169' title='bbox 1031 2188 1115 2284; x_wconf 86' lang='lat' dir='ltr'>ipsas</span> <span class='ocrx_word' id='word_1_170' title='bbox 1130 2184 1364 2287; x_wconf 82' lang='lat' dir='ltr'>praeccdente?</span> 
     </span>
     <span class='ocr_line' id='line_1_21' title="bbox 192 2282 1504 2384; baseline 0.002 -26"><span class='ocrx_word' id='word_1_171' title='bbox 192 2282 337 2360; x_wconf 82' lang='lat' dir='ltr'>Etiamsi</span> <span class='ocrx_word' id='word_1_172' title='bbox 351 2289 442 2360; x_wconf 91' lang='lat' dir='ltr'>enim</span> <span class='ocrx_word' id='word_1_173' title='bbox 458 2286 597 2362; x_wconf 90' lang='lat' dir='ltr'>subinde</span> <span class='ocrx_word' id='word_1_174' title='bbox 609 2285 874 2382; x_wconf 88' lang='lat' dir='ltr'>retrospiciendo</span> <span class='ocrx_word' id='word_1_175' title='bbox 880 2286 1054 2360; x_wconf 88' lang='lat' dir='ltr'>observare</span> <span class='ocrx_word' id='word_1_176' title='bbox 1060 2290 1232 2384; x_wconf 91' lang='lat' dir='ltr'>potuerint</span> <span class='ocrx_word' id='word_1_177' title='bbox 1239 2292 1363 2360; x_wconf 78' lang='lat' dir='ltr'>Colum·</span> <span class='ocrx_word' id='word_1_178' title='bbox 1498 2326 1504 2333; x_wconf 93' lang='lat'>·</span> 
     </span>
     <span class='ocr_line' id='line_1_22' title="bbox 191 2383 1363 2482; baseline 0.003 -28"><span class='ocrx_word' id='word_1_179' title='bbox 191 2407 306 2455; x_wconf 76' lang='lat' dir='ltr'>narum</span> <span class='ocrx_word' id='word_1_180' title='bbox 318 2404 470 2457; x_wconf 86' lang='lat' dir='ltr'>motum:</span> <span class='ocrx_word' id='word_1_181' title='bbox 497 2383 677 2482; x_wconf 88' lang='lat' dir='ltr'>prohibere</span> <span class='ocrx_word' id='word_1_182' title='bbox 690 2403 804 2456; x_wconf 89' lang='lat' dir='ltr'>tamen</span> <span class='ocrx_word' id='word_1_183' title='bbox 812 2384 845 2456; x_wconf 92' lang='lat' dir='ltr'>id</span> <span class='ocrx_word' id='word_1_184' title='bbox 854 2407 924 2456; x_wconf 92' lang='lat' dir='ltr'>non</span> <span class='ocrx_word' id='word_1_185' title='bbox 932 2386 1064 2480; x_wconf 90' lang='lat' dir='ltr'>potuit,</span> <span class='ocrx_word' id='word_1_186' title='bbox 1089 2388 1297 2481; x_wconf 88' lang='lat' dir='ltr'>quominus,</span> <span class='ocrx_word' id='word_1_187' title='bbox 1321 2386 1363 2459; x_wconf 90' lang='lat' dir='ltr'>il·</span> 
     </span>
     <span class='ocr_line' id='line_1_23' title="bbox 194 2479 1361 2577; baseline 0.003 -27"><span class='ocrx_word' id='word_1_188' title='bbox 194 2479 418 2577; x_wconf 75' lang='lat' dir='ltr'>lihypothesi</span> <span class='ocrx_word' id='word_1_189' title='bbox 433 2483 592 2572; x_wconf 74' lang='lat' dir='ltr'>admissi,</span> <span class='ocrx_word' id='word_1_190' title='bbox 614 2480 739 2553; x_wconf 80' lang='lat' dir='ltr'>Primae</span> <span class='ocrx_word' id='word_1_191' title='bbox 753 2480 849 2568; x_wconf 81' lang='lat' dir='ltr'>Alae,</span> <span class='ocrx_word' id='word_1_192' title='bbox 874 2480 944 2552; x_wconf 85' lang='lat' dir='ltr'>five</span> <span class='ocrx_word' id='word_1_193' title='bbox 952 2484 1101 2576; x_wconf 90' lang='lat' dir='ltr'>priorum</span> <span class='ocrx_word' id='word_1_194' title='bbox 1108 2482 1361 2554; x_wconf 89' lang='lat' dir='ltr'>TribuumCo·</span> 
     </span>
     <span class='ocr_line' id='line_1_24' title="bbox 195 2575 1362 2675; baseline 0.002 -28"><span class='ocrx_word' id='word_1_195' title='bbox 195 2575 338 2666; x_wconf 82' lang='lat' dir='ltr'>bortes,</span> <span class='ocrx_word' id='word_1_196' title='bbox 361 2578 543 2675; x_wconf 84' lang='lat' dir='ltr'>aliquando</span> <span class='ocrx_word' id='word_1_197' title='bbox 557 2599 699 2675; x_wconf 85' lang='lat' dir='ltr'>magnos</span> <span class='ocrx_word' id='word_1_198' title='bbox 716 2578 751 2648; x_wconf 89' lang='lat' dir='ltr'>in</span> <span class='ocrx_word' id='word_1_199' title='bbox 765 2578 885 2649; x_wconf 89' lang='lat' dir='ltr'>itinere</span> <span class='ocrx_word' id='word_1_200' title='bbox 898 2576 1053 2650; x_wconf 80' lang='lat' dir='ltr'>faciendo</span> <span class='ocrx_word' id='word_1_201' title='bbox 1066 2581 1283 2651; x_wconf 90' lang='lat' dir='ltr'>committere</span> <span class='ocrx_word' id='word_1_202' title='bbox 1296 2602 1362 2675; x_wconf 87' lang='lat' dir='ltr'>po-</span> 
     </span>
     <span class='ocr_line' id='line_1_25' title="bbox 193 2673 1361 2772; baseline 0.003 -26"><span class='ocrx_word' id='word_1_203' title='bbox 193 2675 324 2746; x_wconf 88' lang='lat' dir='ltr'>tuerint</span> <span class='ocrx_word' id='word_1_204' title='bbox 338 2697 490 2767; x_wconf 81' lang='lat' dir='ltr'>errores,</span> <span class='ocrx_word' id='word_1_205' title='bbox 513 2674 637 2772; x_wconf 88' lang='lat' dir='ltr'>absque</span> <span class='ocrx_word' id='word_1_206' title='bbox 652 2698 721 2772; x_wconf 93' lang='lat' dir='ltr'>quo</span> <span class='ocrx_word' id='word_1_207' title='bbox 734 2673 808 2747; x_wconf 87' lang='lat' dir='ltr'>illos</span> <span class='ocrx_word' id='word_1_208' title='bbox 821 2675 893 2748; x_wconf 91' lang='lat' dir='ltr'>ullo</span> <span class='ocrx_word' id='word_1_209' title='bbox 907 2676 1022 2748; x_wconf 85' lang='lat' dir='ltr'>modio</span> <span class='ocrx_word' id='word_1_210' title='bbox 1035 2674 1160 2747; x_wconf 88' lang='lat' dir='ltr'>idoneo</span> <span class='ocrx_word' id='word_1_211' title='bbox 1174 2693 1361 2770; x_wconf 88' lang='lat' dir='ltr'>potuerunt</span> 
     </span>
     <span class='ocr_line' id='line_1_26' title="bbox 193 2769 1359 2872; baseline 0.001 -27"><span class='ocrx_word' id='word_1_212' title='bbox 193 2793 396 2872; x_wconf 85' lang='lat' dir='ltr'>praecaverc.</span> <span class='ocrx_word' id='word_1_213' title='bbox 420 2774 527 2869; x_wconf 85' lang='lat' dir='ltr'>Quod</span> <span class='ocrx_word' id='word_1_214' title='bbox 542 2774 657 2846; x_wconf 89' lang='lat' dir='ltr'>Deum</span> <span class='ocrx_word' id='word_1_215' title='bbox 673 2769 855 2872; x_wconf 70' lang='lat' dir='ltr'>permisisse</span> <span class='ocrx_word' id='word_1_216' title='bbox 868 2791 908 2845; x_wconf 94' lang='lat' dir='ltr'>ut</span> <span class='ocrx_word' id='word_1_217' title='bbox 920 2771 1035 2863; x_wconf 90' lang='lat' dir='ltr'>fieret,</span> <span class='ocrx_word' id='word_1_218' title='bbox 1059 2773 1119 2869; x_wconf 92' lang='lat' dir='ltr'>qui</span> <span class='ocrx_word' id='word_1_219' title='bbox 1133 2770 1179 2844; x_wconf 93' lang='lat' dir='ltr'>ob</span> <span class='ocrx_word' id='word_1_220' title='bbox 1193 2772 1359 2847; x_wconf 86' lang='lat' dir='ltr'>summam</span> 
     </span>
     <span class='ocr_line' id='line_1_27' title="bbox 192 2868 1360 2969; baseline -0.001 -23"><span class='ocrx_word' id='word_1_221' title='bbox 192 2870 390 2969; x_wconf 85' lang='lat' dir='ltr'>sapientiam</span> <span class='ocrx_word' id='word_1_222' title='bbox 405 2868 898 2947; x_wconf 78' lang='lat' dir='ltr'>ordinisobservantiffimusest:</span> <span class='ocrx_word' id='word_1_223' title='bbox 924 2868 1251 2944; x_wconf 74' lang='lat' dir='ltr'>nonfacildcredam</span> <span class='ocrx_word' id='word_1_224' title='bbox 1275 2872 1360 2967; x_wconf 67' lang='lat' dir='ltr'>Prp·</span> 
     </span>
     <span class='ocr_line' id='line_1_28' title="bbox 191 2967 1540 3068; baseline -0.001 -23"><span class='ocrx_word' id='word_1_225' title='bbox 191 2989 346 3067; x_wconf 87' lang='lat' dir='ltr'>terquam</span> <span class='ocrx_word' id='word_1_226' title='bbox 361 2971 454 3068; x_wconf 91' lang='lat' dir='ltr'>quod</span> <span class='ocrx_word' id='word_1_227' title='bbox 470 2995 512 3043; x_wconf 88' lang='lat' dir='ltr'>ex</span> <span class='ocrx_word' id='word_1_228' title='bbox 526 2970 653 3043; x_wconf 88' lang='lat' dir='ltr'>disertis</span> <span class='ocrx_word' id='word_1_229' title='bbox 667 2967 865 3043; x_wconf 89' lang='lat' dir='ltr'>testimoniis</span> <span class='ocrx_word' id='word_1_230' title='bbox 879 2967 977 3043; x_wconf 90' lang='lat' dir='ltr'>Libri</span> <span class='ocrx_word' id='word_1_231' title='bbox 990 2968 1101 3066; x_wconf 86' lang='lat' dir='ltr'>Josuae</span> <span class='ocrx_word' id='word_1_232' title='bbox 1114 2970 1260 3067; x_wconf 85' lang='lat' dir='ltr'>liqueat,</span> <span class='ocrx_word' id='word_1_233' title='bbox 1284 2970 1356 3043; x_wconf 75' lang='lat' dir='ltr'>&#39;Ar-</span> <span class='ocrx_word' id='word_1_234' title='bbox 1370 2990 1416 3056; x_wconf 72' lang='lat' dir='ltr'>rot</span> <span class='ocrx_word' id='word_1_235' title='bbox 1426 3005 1475 3061; x_wconf 69' lang='lat' dir='ltr'>ap.</span> <span class='ocrx_word' id='word_1_236' title='bbox 1486 2994 1540 3054; x_wconf 68' lang='lat' dir='ltr'>rari</span> 
     </span>
     <span class='ocr_line' id='line_1_29' title="bbox 190 3064 1432 3238; baseline 0.001 -96"><span class='ocrx_word' id='word_1_237' title='bbox 190 3096 279 3159; x_wconf 69' lang='lat' dir='ltr'>um,</span> <span class='ocrx_word' id='word_1_238' title='bbox 304 3069 526 3143; x_wconf 89' lang='lat' dir='ltr'>Sacerdotum</span> <span class='ocrx_word' id='word_1_239' title='bbox 541 3069 690 3142; x_wconf 88' lang='lat' dir='ltr'>humeris</span> <span class='ocrx_word' id='word_1_240' title='bbox 702 3064 886 3238; x_wconf 61' lang='lat' dir='ltr'>qestatam,</span> <span class='ocrx_word' id='word_1_241' title='bbox 910 3092 989 3140; x_wconf 88' lang='lat' dir='ltr'>cum</span> <span class='ocrx_word' id='word_1_242' title='bbox 1004 3067 1160 3141; x_wconf 80' lang='lat' dir='ltr'>Isra&#39;eiitae</span> <span class='ocrx_word' id='word_1_243' title='bbox 1174 3091 1234 3162; x_wconf 89' lang='lat' dir='ltr'>per</span> <span class='ocrx_word' id='word_1_244' title='bbox 1241 3069 1358 3161; x_wconf 84' lang='lat' dir='ltr'>Jarde-</span> <span class='ocrx_word' id='word_1_245' title='bbox 1371 3070 1395 3119; x_wconf 81' lang='lat'>³·</span> <span class='ocrx_word' id='word_1_246' title='bbox 1404 3067 1432 3123; x_wconf 65' lang='lat' dir='ltr'>‘t</span> 
     </span>
     <span class='ocr_line' id='line_1_30' title="bbox 192 3165 1360 3265; baseline 0.002 -27"><span class='ocrx_word' id='word_1_247' title='bbox 192 3190 271 3239; x_wconf 91' lang='lat' dir='ltr'>nem</span> <span class='ocrx_word' id='word_1_248' title='bbox 285 3187 495 3265; x_wconf 78' lang='lat' dir='ltr'>occuparent</span> <span class='ocrx_word' id='word_1_249' title='bbox 508 3165 674 3240; x_wconf 85' lang='lat' dir='ltr'>Canaanis</span> <span class='ocrx_word' id='word_1_250' title='bbox 690 3167 714 3239; x_wconf 84' lang='lat' dir='ltr'>fi</span> <span class='ocrx_word' id='word_1_251' title='bbox 739 3167 751 3238; x_wconf 92' lang='lat' dir='ltr'>i</span> <span class='ocrx_word' id='word_1_252' title='bbox 765 3166 956 3264; x_wconf 79' lang='lat' dir='ltr'>promifl&#39;am</span> <span class='ocrx_word' id='word_1_253' title='bbox 971 3166 1202 3239; x_wconf 87' lang='lat' dir='ltr'>haereditatem</span> <span class='ocrx_word' id='word_1_254' title='bbox 1218 3199 1231 3254; x_wconf 76' lang='lat'>3</span> <span class='ocrx_word' id='word_1_255' title='bbox 1255 3176 1360 3241; x_wconf 82' lang='lat' dir='ltr'>Exer-</span> 
     </span>
     <span class='ocr_line' id='line_1_31' title="bbox 192 3263 1359 3363; baseline 0.007 -30"><span class='ocrx_word' id='word_1_256' title='bbox 192 3265 696 3362; x_wconf 67' lang='lat' dir='ltr'>citumlsrai&#39;litarumanreceffiffe,</span> <span class='ocrx_word' id='word_1_257' title='bbox 720 3263 1151 3363; x_wconf 71' lang='lat' dir='ltr'>spatiobismillecubirorum.</span> <span class='ocrx_word' id='word_1_258' title='bbox 1177 3264 1292 3340; x_wconf 85' lang='lat' dir='ltr'>Alium</span> <span class='ocrx_word' id='word_1_259' title='bbox 1300 3292 1359 3341; x_wconf 88' lang='lat' dir='ltr'>au·</span> 
     </span>
    </p>
   </div>
   <div class='ocr_carea' id='block_1_3' title="bbox 193 3363 1358 3464">
    <p class='ocr_par' dir='ltr' id='par_1_5' title="bbox 193 3363 1358 3464">
     <span class='ocr_line' id='line_1_32' title="bbox 193 3363 1358 3464; baseline 0.004 -31"><span class='ocrx_word' id='word_1_260' title='bbox 193 3379 265 3433; x_wconf 88' lang='lat' dir='ltr'>tem</span> <span class='ocrx_word' id='word_1_261' title='bbox 286 3379 360 3436; x_wconf 93' lang='lat' dir='ltr'>tum</span> <span class='ocrx_word' id='word_1_262' title='bbox 382 3368 545 3464; x_wconf 85' lang='lat' dir='ltr'>temporis</span> <span class='ocrx_word' id='word_1_263' title='bbox 557 3368 592 3438; x_wconf 92' lang='lat' dir='ltr'>in</span> <span class='ocrx_word' id='word_1_264' title='bbox 609 3363 826 3463; x_wconf 88' lang='lat' dir='ltr'>procedendo</span> <span class='ocrx_word' id='word_1_265' title='bbox 839 3364 993 3437; x_wconf 88' lang='lat' dir='ltr'>ordinem</span> <span class='ocrx_word' id='word_1_266' title='bbox 1006 3364 1171 3439; x_wconf 89' lang='lat' dir='ltr'>servatum</span> <span class='ocrx_word' id='word_1_267' title='bbox 1189 3363 1254 3437; x_wconf 87' lang='lat' dir='ltr'>esse</span> <span class='ocrx_word' id='word_1_268' title='bbox 1267 3389 1307 3438; x_wconf 89' lang='lat' dir='ltr'>ac</span> <span class='ocrx_word' id='word_1_269' title='bbox 1322 3367 1358 3438; x_wconf 93' lang='lat' dir='ltr'>in</span> 
     </span>
    </p>
   </div>
   <div class='ocr_carea' id='block_1_4' title="bbox 188 3448 1496 4153">
    <p class='ocr_par' dir='ltr' id='par_1_6' title="bbox 188 3448 1496 4153">
     <span class='ocr_line' id='line_1_33' title="bbox 193 3448 1359 3562; baseline 0.001 -27"><span class='ocrx_word' id='word_1_270' title='bbox 193 3455 354 3535; x_wconf 88' lang='lat' dir='ltr'>Deserto:</span> <span class='ocrx_word' id='word_1_271' title='bbox 379 3465 575 3562; x_wconf 91' lang='lat' dir='ltr'>nescioquo</span> <span class='ocrx_word' id='word_1_272' title='bbox 615 3448 756 3535; x_wconf 83' lang='lat' dir='ltr'>robabili</span> <span class='ocrx_word' id='word_1_273' title='bbox 769 3482 971 3560; x_wconf 88' lang='lat' dir='ltr'>argumento</span> <span class='ocrx_word' id='word_1_274' title='bbox 984 3461 1109 3535; x_wconf 89' lang='lat' dir='ltr'>adstrui</span> <span class='ocrx_word' id='word_1_275' title='bbox 1122 3459 1231 3559; x_wconf 79' lang='lat' dir='ltr'>possit.</span> <span class='ocrx_word' id='word_1_276' title='bbox 1263 3465 1359 3558; x_wconf 86' lang='lat' dir='ltr'>Qua·</span> 
     </span>
     <span class='ocr_line' id='line_1_34' title="bbox 191 3490 1358 3658; baseline 0.003 -26"><span class='ocrx_word' id='word_1_277' title='bbox 191 3582 230 3632; x_wconf 87' lang='lat' dir='ltr'>re</span> <span class='ocrx_word' id='word_1_278' title='bbox 243 3557 320 3631; x_wconf 92' lang='lat' dir='ltr'>loca</span> <span class='ocrx_word' id='word_1_279' title='bbox 332 3559 406 3652; x_wconf 88' lang='lat' dir='ltr'>illa,</span> <span class='ocrx_word' id='word_1_280' title='bbox 429 3586 506 3658; x_wconf 86' lang='lat' dir='ltr'>quae</span> <span class='ocrx_word' id='word_1_281' title='bbox 521 3490 685 3637; x_wconf 64' lang='lat' dir='ltr'>Audurus</span> <span class='ocrx_word' id='word_1_282' title='bbox 700 3585 762 3657; x_wconf 90' lang='lat' dir='ltr'>pro</span> <span class='ocrx_word' id='word_1_283' title='bbox 776 3561 910 3634; x_wconf 89' lang='lat' dir='ltr'>adversa</span> <span class='ocrx_word' id='word_1_284' title='bbox 923 3558 1086 3633; x_wconf 86' lang='lat' dir='ltr'>sententia</span> <span class='ocrx_word' id='word_1_285' title='bbox 1100 3583 1144 3632; x_wconf 86' lang='lat' dir='ltr'>ex</span> <span class='ocrx_word' id='word_1_286' title='bbox 1156 3560 1255 3633; x_wconf 91' lang='lat' dir='ltr'>Mose</span> <span class='ocrx_word' id='word_1_287' title='bbox 1262 3561 1358 3636; x_wconf 88' lang='lat' dir='ltr'>desu-</span> 
     </span>
     <span class='ocr_line' id='line_1_35' title="bbox 192 3655 1359 3756; baseline 0.003 -27"><span class='ocrx_word' id='word_1_288' title='bbox 192 3673 319 3743; x_wconf 87' lang='lat' dir='ltr'>munt,</span> <span class='ocrx_word' id='word_1_289' title='bbox 352 3658 459 3732; x_wconf 78' lang='lat' dir='ltr'>modo</span> <span class='ocrx_word' id='word_1_290' title='bbox 473 3680 615 3751; x_wconf 87' lang='lat' dir='ltr'>notata,</span> <span class='ocrx_word' id='word_1_291' title='bbox 641 3658 688 3733; x_wconf 88' lang='lat' dir='ltr'>fic</span> <span class='ocrx_word' id='word_1_292' title='bbox 701 3660 902 3755; x_wconf 86' lang='lat' dir='ltr'>exponenda</span> <span class='ocrx_word' id='word_1_293' title='bbox 915 3659 1100 3748; x_wconf 88' lang='lat' dir='ltr'>videntur,</span> <span class='ocrx_word' id='word_1_294' title='bbox 1124 3655 1218 3755; x_wconf 76' lang='lat' dir='ltr'>quod</span> <span class='ocrx_word' id='word_1_295' title='bbox 1232 3658 1359 3756; x_wconf 88' lang='lat' dir='ltr'>reliqua</span> 
     </span>
     <span class='ocr_line' id='line_1_36' title="bbox 192 3751 1359 3853; baseline -0.003 -23"><span class='ocrx_word' id='word_1_296' title='bbox 192 3751 390 3831; x_wconf 76' lang='lat' dir='ltr'>sanetiffima</span> <span class='ocrx_word' id='word_1_297' title='bbox 410 3756 512 3853; x_wconf 81' lang='lat' dir='ltr'>ipsius</span> <span class='ocrx_word' id='word_1_298' title='bbox 530 3758 756 3832; x_wconf 86' lang='lat' dir='ltr'>Tabemaculi</span> <span class='ocrx_word' id='word_1_299' title='bbox 772 3758 1021 3845; x_wconf 84' lang='lat' dir='ltr'>Instrumenta,</span> <span class='ocrx_word' id='word_1_300' title='bbox 1052 3775 1093 3828; x_wconf 91' lang='lat' dir='ltr'>ut</span> <span class='ocrx_word' id='word_1_301' title='bbox 1107 3755 1207 3847; x_wconf 89' lang='lat' dir='ltr'>sunt,</span> <span class='ocrx_word' id='word_1_302' title='bbox 1239 3763 1359 3831; x_wconf 82' lang='lat' dir='ltr'>Altare</span> 
     </span>
     <span class='ocr_line' id='line_1_37' title="bbox 190 3854 1358 3957; baseline 0.003 -35"><span class='ocrx_word' id='word_1_303' title='bbox 190 3855 441 3957; x_wconf 60' lang='lat' dir='ltr'>¹I‘spmiumaen&#39;s,</span> <span class='ocrx_word' id='word_1_304' title='bbox 473 3858 615 3951; x_wconf 69' lang='lat' dir='ltr'>Mrnssr,</span> <span class='ocrx_word' id='word_1_305' title='bbox 646 3854 890 3946; x_wconf 75' lang='lat' dir='ltr'>Candelabrum,</span> <span class='ocrx_word' id='word_1_306' title='bbox 917 3871 991 3928; x_wconf 71' lang='lat'><em>(5⁹⁶.</em></span> <span class='ocrx_word' id='word_1_307' title='bbox 1023 3854 1255 3929; x_wconf 74' lang='lat' dir='ltr'>dKohathitis</span> <span class='ocrx_word' id='word_1_308' title='bbox 1271 3858 1358 3927; x_wconf 86' lang='lat' dir='ltr'>inter</span> 
     </span>
     <span class='ocr_line' id='line_1_38' title="bbox 188 3951 1496 4123; baseline -0.003 -97"><span class='ocrx_word' id='word_1_309' title='bbox 188 3955 356 4049; x_wconf 83' lang='lat' dir='ltr'>Quatuor</span> <span class='ocrx_word' id='word_1_310' title='bbox 386 3951 531 4050; x_wconf 74' lang='lat' dir='ltr'>majores</span> <span class='ocrx_word' id='word_1_311' title='bbox 562 3956 742 4032; x_wconf 70' lang='lat' dir='ltr'>mantus</span> <span class='ocrx_word' id='word_1_312' title='bbox 757 3953 994 4123; x_wconf 77' lang='lat' dir='ltr'>Zlsm&#39;elitatum</span> <span class='ocrx_word' id='word_1_313' title='bbox 1020 3952 1103 4030; x_wconf 77' lang='lat' dir='ltr'>Alos</span> <span class='ocrx_word' id='word_1_314' title='bbox 1128 3954 1196 4031; x_wconf 85' lang='lat' dir='ltr'>lata</span> <span class='ocrx_word' id='word_1_315' title='bbox 1220 3952 1358 4123; x_wconf 59' lang='lat' dir='ltr'>,porqata</span> <span class='ocrx_word' id='word_1_316' title='bbox 1463 3986 1496 4025; x_wconf 79' lang='lat'>‚-</span> 
     </span>
     <span class='ocr_line' id='line_1_39' title="bbox 191 4071 1491 4153; baseline -0.002 -29"><span class='ocrx_word' id='word_1_317' title='bbox 191 4106 199 4113; x_wconf 87' lang='lat'>.</span> <span class='ocrx_word' id='word_1_318' title='bbox 814 4076 834 4123; x_wconf 82' lang='lat' dir='ltr'>a</span> <span class='ocrx_word' id='word_1_319' title='bbox 1217 4075 1278 4153; x_wconf 80' lang='lat' dir='ltr'>qut</span> <span class='ocrx_word' id='word_1_320' title='bbox 1302 4071 1358 4122; x_wconf 87' lang='lat' dir='ltr'>em</span> <span class='ocrx_word' id='word_1_321' title='bbox 1488 4092 1491 4097; x_wconf 93' lang='lat'><em>-</em></span> 
     </span>
    </p>
   </div>
   <div class='ocr_carea' id='block_1_5' title="bbox 0 0 1732 4718">
    <p class='ocr_par' dir='ltr' id='par_1_7' title="bbox 0 0 1732 4718">
     <span class='ocr_line' id='line_1_40' title="bbox 0 0 1732 4718; baseline 0 3"><span class='ocrx_word' id='word_1_322' title='bbox 0 0 1732 4718; x_wconf 95' lang='lat' dir='ltr'> </span> 
     </span>
    </p>
   </div>
  </div>
 </body>
</html>
