3456 4718
364 252 471 369 1008
617 331 621 339 ,
694 253 757 335 De
785 256 1049 339 Hennenses
1077 258 1180 335 natis

365 408 404 479 in
420 403 597 503 Epistolis,
620 421 695 478 tutn
712 405 747 475 in
762 400 985 499 Apocalypsi,
1009 426 1086 498 quae
1100 403 1177 497 post
1190 391 1373 476 Excidium
1387 400 1519 477 Hiemi

366 505 570 602 solymorum
585 500 715 596 scriptae
729 501 1047 598 pseudoprophetarum
1060 500 1211 587 illorum,
1238 501 1356 598 utjam
1367 502 1519 574 tumdo-

366 604 537 687 centium,
561 622 710 671 exertam
725 601 930 670 mentionem
939 594 1076 669 faciunt.
1101 598 1521 697 InprimaEpistoia,cap;

369 702 493 771 11.18.
519 700 644 769 Pueruli
656 701 797 769 ultimum
808 718 923 794 tempus
935 694 1033 782 adali,
1058 711 1106 767 (γ’
1113 698 1202 787 ficati
1213 697 1387 789 audivistis,
1411 703 1519 768 Antr-

363 796 512 881 christum
534 815 709 880 uenturum,
733 798 827 864 etiam
846 814 950 867 nunc
968 793 1238 866 Aust-Cumani
1253 816 1369 867 munet
1384 792 1519 866 conani

365 915 467 964 nunu
483 915 558 964 assu
670 889 702 962 E
716 912 816 963 notus
829 912 977 963 annesae
992 910 1102 978 suus,
1120 889 1176 982 sed
1189 916 1248 959 non
1260 913 1347 962 erant
1362 919 1402 962 ex
1419 888 1515 964 noba.

364 988 449 1082 Cap.
463 1012 515 1063 tv.
526 1015 556 1061 1.
579 991 691 1061 Multi.
699 990 1042 1062 Pssunoauosueam
1049 992 1233 1057 venerantia
1240 991 1396 1061 mundum.
1409 988 1515 1061 Sunt·

361 1110 407 1157 ne
421 1086 462 1159 hi
472 1087 574 1159 iidem
590 1086 729 1157 issicum
745 1086 908 1174 Petrinis,
939 1107 982 1154 aa
995 1080 1137 1155 diversi?
1169 1085 1211 1156 In
1224 1087 1379 1175 Secunda,
1412 1086 1459 1163 ss.
1474 1110 1516 1175 7.

364 1193 459 1255 mad
478 1194 579 1255 vidia
594 1196 697 1261 tanat-r
709 1199 741 1260 sa
754 1194 793 1254 π’.
809 1190 916 1270 dapar
941 1181 1072 1252 Manat
1096 1181 1330 1256 Sunucaonas
1354 1202 1516 1255 ruentem

366 1301 458 1353 suna
482 1301 521 1353 tu
537 1301 708 1352 munuum.
731 1277 779 1350 Et
793 1280 828 1349 in
843 1276 1066 1375 Apocalypsi,
1089 1302 1190 1373 quam
1204 1278 1365 1352 Ecclesiae
1378 1280 1520 1353 traditio

366 1374 428 1449 sub
443 1374 643 1449 Domitiano
656 1375 766 1447 datam
782 1374 847 1447 esse
861 1374 979 1463 habet,
1000 1375 1071 1470 jam
1085 1375 1299 1471 supponitur,
1321 1375 1521 1451 ess'e&fuis·

366 1472 400 1547 se
426 1473 491 1564 jam
516 1472 709 1567 aliquandiu
723 1475 897 1543 Nicolaitae
911 1472 946 1544 ὅ(
962 1477 1156 1556 Bileamitatp
1183 1471 1255 1542 huc
1270 1471 1336 1560 est,
1361 1475 1521 1561 eiusdem

367 1588 461 1641 notae
485 1568 522 1642 &
545 1571 676 1668 generis
690 1569 869 1657 homines,
902 1592 986 1667 quos
1001 1572 1120 1643 Petrus
1136 1566 1194 1641 sub
1208 1570 1275 1639 hoc
1291 1568 1436 1665 figurato
1451 1595 1521 1641 no·

369 1668 463 1739 mine
478 1668 764 1763 praenunciaverat
777 1666 915 1738 futuros.
939 1667 1067 1759 Quales
1082 1666 1105 1738 st
1116 1665 1188 1759 jam
1196 1667 1367 1737 extiterint
1375 1663 1433 1738 sub
1440 1665 1523 1738 Do·

373 1767 532 1837 mitiano:
566 1788 634 1835 non
649 1790 735 1860 opus
749 1765 797 1836 est
811 1787 977 1836 recurrere
990 1763 1031 1833 ad
1045 1763 1152 1856 usque
1167 1784 1319 1855 tempora
1334 1762 1521 1853 Hadriani,

373 1881 413 1933 ut
438 1862 569 1934 illorum
595 1864 740 1956 origines
764 1860 842 1929 inde
857 1861 994 1930 demum
1008 1874 1207 1951 repetamus,
1232 1859 1313 1930 Nec
1327 1861 1521 1955 indigemus

371 1959 475 2029 etiam
490 1957 530 2027 ad
546 1958 665 2029 nosirae
679 1955 852 2027 sententiae
866 1953 1027 2024 vindicias
1040 1976 1116 2047 quae
1124 1951 1520 2053 CestrienfisEpit'copus

372 2054 408 2121 in
423 2058 591 2147 Ignatiam't
605 2053 647 2125 de
659 2052 867 2125 Recentiore
878 2069 955 2122 ortu
970 2051 1179 2147 quorundam
1194 2051 1436 2129 Gnosticorum
1444 2078 1521 2131 eru·

373 2147 446 2219 dite
459 2148 651 2241 disputavit.
749 2152 756 2162 '

201 2281 326 2346 pomp&
420 2246 576 2320 XLVI.
599 2246 635 2316 Si
657 2246 731 2341 quis
753 2256 913 2340 praterea
929 2246 1007 2320 haec
1021 2247 1364 2343 testimoniaJoannis
1379 2273 1520 2347 compa·

184 2343 355 2454 ffig‘ss‘ge
374 2360 425 2415 ret
437 2365 516 2414 cum
532 2342 682 2437 Epistola
695 2345 803 2437 Jude:
835 2344 1008 2417 clarissime
1023 2347 1218 2439 perspiciet,
1249 2348 1434 2441 Joannem,
1457 2350 1519 2443 qui

187 2480 324 2531 computu.
372 2439 462 2534 Jude
478 2440 675 2534 supervixit,
701 2441 795 2534 plura
808 2441 924 2513 vidisse
935 2442 979 2514 de
991 2441 1043 2513 his
1057 2443 1253 2531 Haereticis,
1278 2448 1521 2541 quamJudam.

372 2540 480 2633 Jadas
494 2538 583 2609 enim
599 2539 672 2610 illos
686 2537 842 2610 describit
855 2560 893 2610 ut
904 2543 1032 2610 luentes
1044 2542 1077 2609 in
1088 2540 1521 2636 ipfisChristianorumcoe·

374 2633 482 2722 tibus,
507 2634 544 2707 &
557 2633 717 2711 basianus
731 2634 774 2707 ab
788 2637 825 2706 iis
842 2637 993 2708 nondum
1001 2644 1172 2735 separatos,
1197 2639 1250 2711 sed
1265 2641 1519 2740 inagapisChti·

373 2733 557 2807 stianorum
575 2758 655 2806 cum
673 2735 803 2806 caeteris
815 2733 1028 2807 credentibus
1039 2742 1248 2809 convivantes.
1278 2740 1517 2831 nepaesdm'r,

375 2831 508 2928 inquit,
532 2863 605 2909 τινες
618 2830 790 2924 ἅνθρωποι,
814 2831 907 2927 srs4.
932 2833 1088 2927 Qunam
1110 2858 1269 2907 nonnitus
1290 2859 1394 2908 cnam
1409 2862 1522 2911 inan·

371 2943 546 3002 strenuus.
570 2931 635 3002 Sed
649 2933 794 3023 Joannes
808 2930 881 3002 illos
894 2930 1067 3028 depingit,
1092 2952 1131 3004 ut
1145 2934 1203 3028 qui
1216 2932 1285 3024 jam
1293 2931 1520 3023 aliquibualo·

371 3026 420 3095 cis
435 3027 655 3118 dereliquerant
669 3050 757 3096 caetus
771 3050 926 3099 vetorum
941 3027 1183 3114 Credendum,
1208 3030 1302 3117 seque
1316 3025 1358 3093 ab
1374 3028 1412 3097 iis
1422 3027 1521 3127 sepa.

372 3138 544 3203 raveranm
560 3120 605 3193 .&
621 3138 778 3212 tanquam
792 3125 850 3213 qui
867 3120 1004 3192 viciffim
1018 3121 1036 3191 a
1051 3125 1135 3193 veris
1150 3120 1520 3229 Christidiscipulisag·

370 3219 433 3289 niti
454 3216 556 3311 iisque
569 3214 659 3286 exosi
675 3237 780 3288 erant.
805 3217 911 3309 Quod
924 3216 1014 3285 circa
1025 3217 1144 3288 ultima
1159 3214 1346 3291 Domitiani
1359 3221 1395 3293 ὃ(
1411 3225 1520 3299 inini-

371 3316 427 3384 tiis
441 3306 578 3409 Trajani
595 3311 665 3384 fieri
680 3312 835 3409 caepisse,
859 3312 936 3383 data
950 3310 1142 3400 occafione,
1168 3313 1413 3412 stDeoplacet,
1438 3348 1518 3418 pro·

370 3407 527 3483 babilitet
540 3408 755 3483 adstruemus.
786 3413 902 3483 Petrus
915 3429 1028 3482 autern
1043 3409 1101 3482 etii
1116 3413 1248 3485 illorum
1264 3433 1376 3488 ortum
1395 3420 1516 3512 praedi·

371 3524 425 3579 cat
451 3510 484 3579 in
509 3507 684 3581 futurum:
716 3528 786 3580 tam
811 3508 925 3578 vivide
948 3499 1167 3583 nihilominus
1190 3513 1264 3583 illos
1285 3516 1516 3611 repraesentat,

372 3602 545 3698 phrasibus
558 3629 692 3702 quoque
705 3603 863 3677 adhibitis
875 3607 1035 3699 temporis
1049 3607 1237 3701 praesentis,
1262 3630 1301 3683 ut
1315 3614 1518 3688 mibiomni·

376 3724 422 3770 no
437 3703 669 3795 persuadeam,
694 3705 793 3777 Petro
802 3703 873 3797 jam
889 3723 962 3774 tum
977 3706 1137 3796 quosdam
1153 3707 1307 3779 homines
1320 3711 1385 3782 esse
1396 3711 1519 3784 obver-

376 3797 480 3885 satos‚
505 3801 539 3869 ia
553 3800 672 3893 quibus
686 3801 873 3875 fututorum
882 3801 1013 3873 illorum
1022 3802 1390 3906 [iseudoprophetantm
1400 3811 1521 3906 imagi·

375 3918 451 3969 nem
469 3898 636 3992 praevidit.

1343 4000 1524 4079 XLVII.
