3456 4718
354 300 568 363 rorrror:
593 293 857 359 rurrrrnn.
887 267 1217 356 terncnrv.
1274 303 1354 378 93³

209 428 411 503 cumiffimc
436 433 523 501 inter
535 427 567 501 se
580 426 798 500 conveniunt.
832 432 969 497 Primum
983 426 1255 519 Accidens-Anni
1272 428 1356 502 Sab-

209 525 338 599 bathic'i
362 527 445 617 fuit,
469 526 557 621 quod
581 523 706 596 fruelus
719 543 814 594 terrae
829 522 985 594 omnibus
1001 526 1188 618 promiscue
1202 525 1354 598 Israelitis

209 622 334 718 absque
349 625 415 698 ulla
428 624 640 696 dillinblione
652 623 806 694 cesserint
818 622 853 692 in
869 622 973 693 usum.
1005 623 1069 692 Per
1081 623 1171 716 quod
1187 620 1354 717 fignifica-

212 737 306 808 tum,
330 720 400 792 sore
423 742 460 794 ut
474 720 600 793 sublata
613 716 845 806 distinetione,
870 743 946 813 quae
961 717 1020 790 sub
1038 719 1164 791 Vetere
1178 719 1353 797 OEcono·

211 818 279 890 mia
301 817 491 891 obtinuerat
516 816 748 909 inrerjuuaeos
763 816 797 885 ὃ(
814 817 960 904 Gentes,
987 817 1056 887 imo
1069 816 1299 907 inrerJudrroc
1314 816 1352 889 δε

208 906 361 1006 Judaeos,
385 915 422 986 ὃ(
437 918 523 988 inter
538 915 670 988 Gentes
683 938 722 984 ac
733 914 880 1001 Gentes,
905 914 1352 1010 omnesnuncunumsrntper

199 1011 300 1104 fidem
313 1019 346 1081 in
360 1013 528 1109 chistum,
558 1010 739 1106 iisdemque
752 1013 786 1081 in
800 1009 938 1084 Christo
951 1009 1102 1082 fruantur
1118 1015 1351 1109 praerogativis

206 1107 429 1202 spiritualibus
452 1110 494 1182 ad
510 1130 667 1184 mutuum
683 1111 925 1181 incrementum
943 1107 979 1179 &
994 1108 1267 1180 aedificationem.
1297 1118 1350 1180 Se·

204 1209 337 1278 cundum
350 1207 433 1298 fuit,
457 1209 548 1302 quod
562 1214 652 1280 Servi
666 1225 714 1280 (7⁸
727 1215 824 1277 Serva
839 1205 969 1277 Hebraeae
981 1208 1203 1277 dimitterentur
1215 1212 1249 1274 in
1257 1204 1349 1276 libcr-

203 1323 314 1376 utem:
340 1329 409 1403 quo
421 1307 645 1404 praenotatum
655 1303 721 1392 est,
746 1303 1169 1400 ruptisvinculisservirun‘r,
1194 1326 1349 1399 quacun·

204 1399 309 1473 slrisii
323 1424 416 1477 erant
430 1402 617 1476 Credentes
624 1402 689 1475 'sub
703 1403 801 1497 Lege
816 1400 956 1473 durante
969 1398 1194 1473 OEconomia
1202 1400 1346 1488 Vetere,

204 1494 391 1577 Ecclesiam
415 1501 650 1573 vindicandam
674 1498 737 1570 esse
750 1502 787 1568 in
797 1525 905 1569 veram
916 1495 1085 1570 libertarent
1101 1503 1250 1569 Filiorum
1264 1504 1346 1586 Dei,

204 1616 307 1690 quarn
328 1597 451 1668 Paulus
474 1596 638 1686 explicuit
659 1596 694 1661 in
711 1595 864 1686 Epistola
879 1594 921 1665 ad
932 1594 1079 1666 Galatas.
1100 1595 1258 1668 Tertium
1274 1601 1344 1666 Ac·

206 1693 311 1760 cidens
326 1692 414 1762 illius
428 1690 522 1761 Anni
535 1686 600 1758 suit
615 1687 749 1780 Renrffio
763 1686 957 1777 Debboram,
980 1693 1067 1760 utin
1081 1690 1344 1782 praecedentibus

207 1785 365 1857 vidimus.
389 1789 472 1878 Quo
484 1784 666 1881 figuratum
681 1782 746 1869 est,
772 1781 957 1855 Credentes
970 1782 1347 1859 subNovoTestamen·

205 1897 245 1952 to
268 1887 362 1952 talem
384 1881 558 1953 habituros
581 1879 646 1950 esl'c
661 1875 769 1963 ὄφεσιν
782 1888 838 1950 erit
851 1886 1003 1973 ospaprrair
1020 1884 1205 1980 insanguine
1218 1885 1344 1976 christi,

201 1997 242 2048 ut
257 1976 299 2049 ab
314 1976 389 2074 ipsis
404 1977 462 2050 illo
478 1979 563 2050 statu
580 1978 847 2070 temporisnxmr
873 1981 886 2065 (
894 1981 961 2071 aar)
984 1999 1054 2048 non
1068 1978 1167 2072 poffit
1181 1980 1345 2078 Chirogra-

197 2074 312 2171 pham,
336 2098 444 2171 neque
461 2074 506 2146 illi
521 2072 706 2161 deDelitr'r,
730 2092 886 2169 tanquam
895 2073 1224 2167 adhucextantibus,
1247 2100 1342 2150 com·

147 2169 155 2176 ⁴
198 2171 326 2268 pellari.
348 2175 441 2268 Qrae
464 2174 580 2244 omnia
593 2170 791 2244 Accidentia
804 2191 948 2268 arguunt
962 2172 1169 2246 Beneficium
1187 2174 1344 2250 consum·

198 2286 300 2341 matae
314 2269 555 2360 Lruurtrnrrs,
579 2292 656 2363 quae
668 2291 748 2339 cum
764 2271 910 2359 Qurure
924 2268 1140 2343 constitueret
1154 2296 1291 2372 magnas
1301 2275 1341 2349 il·

195 2364 357 2461 laspraero
402 2364 1340 2469 rivas,quibusquisubNovavivuntOEconomiasupta

164 2497 169 2501 ·
197 2486 255 2537 eos
268 2466 362 2537 excel
375 2483 454 2551 unt,
480 2467 538 2560 qui
551 2463 610 2537 sub
624 2462 1112 2557 autiquaOEconomiaDeum
1127 2469 1314 2542 coluerunt.

244 2561 281 2633 X
290 2562 317 2633 1.
342 2561 423 2633 Nec
438 2562 566 2651 obstat,
591 2559 681 2658 quod
696 2559 809 2631 Debita
824 2558 924 2632 nonai
939 2568 1005 2633 Deo
1020 2565 1338 2640 remitterenturim·
1373 2590 1507 2653 oham„

197 2659 359 2746 mediate,
384 2658 438 2732 sed
451 2656 636 2753 ifrarribm.
659 2657 766 2753 Quod
780 2658 869 2729 enim
884 2658 983 2731 frater
995 2660 1086 2734 fratri
1100 2664 1188 2756 apud
1201 2665 1337 2757 Juda‘os
1354 2653 1521 2769 iulum

196 2753 360 2843 debebat,
382 2753 480 2828 simul
492 2753 614 2827 debebat
626 2754 721 2842 Deo,
747 2760 806 2850 qui
820 2777 889 2828 erat
902 2775 1060 2850 tanquam
1076 2767 1219 2855 Proprius
1227 2768 1336 2832 Doni·
1354 2791 1520 2836 ammovere

197 2876 256 2922 nm
269 2869 366 2923 terrae
379 2851 534 2941 Canaan,
558 2853 612 2924 cui
626 2852 742 2949 reliqui
756 2855 926 2951 Agricola:
940 2855 1045 2925 veluti
1059 2853 1185 2924 Coloni
1194 2856 1279 2926 illius
1290 2861 1338 2931 A·

222 2952 249 3020 ri
272 2945 309 3019 &
335 2946 465 3021 Usuarii
489 2947 628 3021 obnoxii
648 2968 750 3021 erant.
774 2950 881 3046 Quod
896 2952 1008 3045 itaque
1023 2951 1337 3027 llrae'litaDebebat

193 2971 369 3136 simelitae,
394 3047 430 3120 id
446 3045 713 3136 fimul'chebat
727 3046 814 3120 Deo.
837 3050 953 3144 Quare
967 3047 1080 3121 Debita
1092 3047 1336 3142 fratribusjuss'u

192 3143 260 3218 Dei
276 3145 403 3217 remilla
415 3142 457 3216 ab
474 3143 545 3240 ipso
552 3144 629 3218 Deo
636 3145 853 3218 censebantur
868 3148 1005 3219 remitti.
1032 3147 1136 3220 Unde
1151 3150 1262 3244 itaque
1278 3177 1337 3247 pa·

193 3259 260 3332 tet,
284 3240 523 3328 donatillam
536 3240 714 3314 Debitorem
727 3264 871 3336 optume
883 3245 1026 3339 figurare
1035 3245 1177 3340 potuisse
1185 3252 1337 3345 Remifflo·

192 3365 261 3421 aem
274 3341 406 3413 illorum
423 3337 602 3410 Debboram
615 3363 735 3504 ,bquae
749 3341 973 3414 Credentibus
988 3344 1007 3415 a
1022 3343 1098 3413 Deo
1114 3341 1263 3441 obtingit
1277 3344 1336 3419 sub

194 3433 298 3508 Nova
311 3435 622 3509 OEconomiacum
690 3456 785 3506 erran
799 3435 834 3508 ἃ
850 3440 1336 3540 Sanllificationeperfirnguinenr
1392 3510 1396 3517 .

196 3533 300 3620 christi
314 3558 356 3605 ex
368 3536 486 3630 gratia.
514 3531 591 3605 Nisi
607 3533 752 3625 tempori
767 3533 934 3609 &chartae
944 3537 1217 3631 pepercissemus,
1243 3541 1338 3635 plura

194 3629 430 3707 addidissemus.
453 3631 589 3709 Reddat
598 3653 658 3704 nos
666 3630 760 3702 Deus
775 3649 944 3709 tantorum
953 3635 1126 3707 Bonorum
1136 3638 1332 3737 participes!

672 3923 931 4025 nortun,
1236 3927 1334 4002 ca-
