3456 4718
135 267 343 355 CnnIlI.
480 271 808 360 liniturus
855 272 1057 355 Musam.
1257 303 1304 376 31

134 406 714 607 ffilsslssllssmlslls
725 407 1321 604 iln‘ls‘lssslliss‘slz.lsslsss.ff³.i

130 614 227 682 Novi
239 613 286 680 Te
306 614 420 681 amenti
432 615 569 698 Bonum,
593 630 657 680 nec
670 603 750 676 merl
758 608 939 710 spirituale,
965 605 1019 678 sed
1035 608 1120 678 cerri
1136 605 1171 677 ὅ(
1189 605 1303 704 fingu-

131 704 207 779 laris
221 724 291 779 tem
340 709 410 796 ris,
439 729 509 802 quo
520 705 615 797 flandi
629 706 791 775 Mundum
804 708 984 786 iudicarem.
1002 703 1102 798 ·quod
1120 703 1302 801 diligenter
1333 716 1485 777 reusam·

130 729 340 896 observas&
357 805 469 881 lucem
484 802 579 876 dabit
593 803 675 875 huic
688 823 901 900 argumento.
925 799 1025 898 Saepe
1041 804 1131 875 enim
1147 802 1300 896 Prophe-

130 918 176 974 tae
190 903 234 976 de
248 905 434 975 Haeduae
448 909 608 991 Gentium,
633 902 724 998 quod
740 900 943 974 beneficium
944 900 1179 1002 spiritualeest,
1205 898 1298 999 figu..

127 998 199 1073 rate
220 1000 437 1090 differentes,
468 1001 655 1073 orationem
671 999 761 1072 suam
777 1002 825 1072 ita
839 999 1063 1087 construunt,
1094 1017 1132 1071 ut
1148 1022 1218 1069 non
1232 997 1296 1075 nifi

126 1100 318 1172 exercitatis
334 1121 466 1197 pateat,
492 1122 550 1172 eos
563 1099 701 1173 coeleste
714 1098 750 1170 &
765 1097 934 1194 spirituale
947 1095 1076 1168 bonum
1085 1096 1294 1194 depingere,

125 1216 194 1267 non
209 1217 387 1271 externum
401 1196 438 1271 ὃ(
453 1198 647 1296 corporale3
672 1221 713 1269 ac
726 1197 868 1293 proinde
882 1191 1126 1290 eosvereloqui
1135 1194 1294 1266 deHaere-

122 1293 221 1366 ditare
235 1302 396 1387 Gentim,
421 1296 480 1371 ubi
494 1297 588 1394 loqui
602 1295 761 1367 videntur
773 1295 1034 1367 deHaerediraria
1043 1294 1206 1389 Poffeffione
1215 1295 1293 1364 Ter·

122 1415 169 1461 rae.
203 1393 269 1466 Sed
285 1393 361 1467 haec
376 1393 412 1466 ὃ(
430 1395 545 1490 plura,
570 1417 646 1488 quae
661 1393 730 1466 huc
744 1394 936 1490 pertinent,
960 1416 1002 1467 ex
1017 1391 1087 1488 ipsa
1100 1391 1165 1464 hac
1179 1390 1292 1464 nostru

123 1488 350 1567 dissentatione
364 1491 483 1564 clarius
499 1491 741 1586 intelligentur.
1029 1492 1035 1500 ’

44 1650 47 1655 .
171 1588 243 1664 lv.
267 1587 383 1661 Notio
404 1589 676 1659 HAEuunrcaurs
690 1587 870 1659 Guumum
883 1588 918 1658 in
932 1587 1089 1659 Oraculis
1102 1586 1290 1682 Propheta·

120 1706 198 1756 rum
213 1687 429 1780 antiquorum
444 1684 520 1758 satis
533 1684 690 1779 frequens
704 1686 873 1775 occurrit,
897 1704 937 1756 ut
952 1685 1105 1771 exlocis,
1130 1686 1289 1779 deinceps

119 1781 331 1882 allegandis,
363 1781 498 1857 abunde*
512 1779 689 1857 constabit.
724 1783 781 1856 Sic
796 1781 844 1854 est
859 1785 893 1854 in
908 1781 1034 1859 Verbis
1049 1781 1117 1853 Dei
1130 1781 1220 1877 apud
1235 1783 1291 1875 Je·
1319 1792 1362 1863 les.
1374 1810 1427 1855 rar·
1438 1799 1466 1862 si

118 1878 241 1970 saiam,
265 1883 425 1980 erigentis
438 1881 626 1956 Ecclesiam
637 1881 793 1972 Judaeam
807 1878 965 1953 afflidlam
974 1883 1009 1953 in
1016 1881 1196 1953 meliorum
1204 1898 1291 1954 tem·

117 2001 241 2076 porum
256 1978 348 2075 spem
365 2007 374 2053 :
397 2009 454 2058 mr·
466 2008 536 2058 :aar
548 2004 611 2077 'pm
637 1987 678 2050 Et
685 1981 787 2074 semen
801 2003 884 2050 tuum
898 1979 1049 2053 Gaurus
1067 1974 1290 2052 umnuurcn·

115 2100 179 2149 mo
196 2102 290 2173 Jumr
306 2102 514 2152 rossanum.
539 2078 613 2174 lpsa
626 2097 740 2153 autem
755 2080 1184 2167 haecHaeredirasGemium,
1209 2100 1288 2174 quae

114 2171 162 2248 fic
177 2176 302 2253 dicitur
316 2177 515 2273 Prophetis,
540 2174 561 2248 d
574 2177 680 2250 Paulo
695 2196 837 2253 vocatur
846 2179 1014 2250 Hareditu
1021 2179 1178 2251 Munus.
1191 2171 1286 2271 quod

112 2274 324 2445 mmpdfim
342 2277 377 2348 in
392 2276 455 2349 hac
470 2274 697 2351 dissertatione
711 2278 898 2375 supponam
914 2304 922 2350 :
957 2279 990 2348 in
1005 2274 1210 2350 antecessum
1225 2274 1284 2346 de·

111 2394 193 2445 mon
224 2374 364 2448 randum
380 2374 452 2462 est,
477 2376 611 2469 nequis
625 2379 845 2450 Haedirarem
859 2377 982 2448 Mundi
996 2399 1076 2447 cum
1092 2375 1284 2445 Hereditate

110 2473 212 2542 Terra
226 2470 425 2545 confundat.
449 2470 568 2549 Verba
580 2473 676 2545 Pauli
689 2473 812 2545 suntad
820 2473 1016 2560 Romanos,
1040 2468 1283 2544 ubidillcritde

110 2569 200 2639 uodo
214 2591 283 2663 quo
298 2567 472 2642 Abraham
486 2568 713 2665 consequutus
728 2571 776 2643 est
782 2571 1043 2668 justitiamcoram
1049 2575 1135 2654 Deo,
1161 2566 1196 2637 ὃ(
1205 2589 1283 2661 per·

111 2663 233 2738 duuus
247 2667 284 2737 in
299 2664 540 2738 excellentium
554 2668 731 2741 Bonorum
737 2669 841 2772 spem,
864 2667 952 2761 Cap.
965 2690 1018 2736 ιν.
1030 2692 1085 2762 13.
1109 2671 1187 2735 Non
1200 2669 1283 2733 enim

104 2785 164 2868 per
178 2769 296 2864 laegm'
321 2763 448 2857 romrffio
464 2761 571 2864 obtigit
584 2763 788 2856 Abraham,
811 2789 865 2836 aare
878 2768 983 2850 semini
996 2769 1077 2863 ejus,
1101 2760 1136 2833 τὲ
1149 2759 1282 2854 κληρονό-

110 2893 166 2959 μον
182 2861 273 2936 dordr
288 2787 362 2935 sim
376 2871 414 2934 τὲ
426 2860 521 2956 adeps
534 2865 585 2953 effe
599 2862 654 2935 vel
660 2864 734 2958 fore
740 2867 832 2934 illum
838 2884 1033 2936 uouentem
1041 2862 1181 2934 Munus
1193 2909 1206 2948 ,
1222 2860 1281 2952 sed

101 2983 162 3062 per
167 2963 320 3062 justitiam
322 2962 416 3060 fidei.
445 2959 578 3034 Phrafis
590 2962 686 3036 Pauli
701 2962 750 3034 est
758 2960 949 3061 fingularis,
973 2983 1074 3055 quam
1083 2982 1151 3029 non
1159 2975 1278 3054 putem

109 3059 188 3133 alibi
203 3080 329 3134 extare.
353 3059 435 3132 Nec
450 3057 631 3133 obscurum
646 3079 762 3133 tamen
777 3059 858 3158 quid
868 3057 1048 3158 fignificet.
1072 3056 1279 3132 Attendenti

110 3159 201 3231 enim
216 3160 259 3233 ad
272 3162 463 3235 orationem
476 3157 572 3232 Pauli
586 3157 685 3232 facile
700 3176 812 3256 patet,
836 3157 1038 3255 Apostolum
1046 3156 1279 3254 perMundum

110 3253 169 3328 hic
190 3279 260 3329 non
276 3257 464 3357 intelligere
478 3257 605 3330 vastam
619 3258 708 3331 hanc
721 3278 907 3332 creatarum
922 3280 1032 3330 rerum
1048 3277 1277 3353 compagem,

110 3377 214 3451 quam
227 3355 345 3430 nostris
357 3355 453 3430 Deus
466 3353 609 3447 subjecit
622 3358 748 3449 oculis,
773 3352 1277 3457 vulgohocnominenobisno·

110 3472 181 3526 tam
189 3483 202 3539 3
227 3455 337 3527 minus
350 3449 433 3528 verb
444 3479 560 3528 terram
574 3465 722 3546 Garun,
747 3454 793 3530 fic
808 3474 925 3529 meton
986 3452 1038 3527 ic&
1047 3452 1193 3539 didam,
1218 3446 1276 3524 sed
1389 3508 1395 3517 .

112 3560 243 3641 Gentes,
266 3576 327 3648 per
338 3568 461 3626 terram
473 3553 611 3652 sparsas,
635 3554 886 3629 Orbisincolas.
942 3551 1276 3627 stenimineoutde·

110 3650 215 3723 claret
230 3650 395 3751 insrgnem
409 3651 501 3725 illam
514 3651 699 3728 Abrahami
713 3657 991 3752 praerogativam,
1016 3653 1081 3747 quai
1094 3675 1137 3725 ex
1147 3649 1277 3725 Divina

111 3748 355 3823 constitutione
366 3749 448 3822 esset
459 3759 554 3824 Pater
567 3758 727 3843 Gentius»,
751 3752 934 3827 secuudum
949 3747 1145 3846 promissum
1160 3750 1209 3824 illi
1221 3756 1275 3824 so·
1417 3746 1421 3762 '

110 3846 257 3923 lenniter
269 3844 518 3934 {Doodatum
562 3876 617 3929 ms
628 3876 698 3930 on
710 3879 767 3952 pan
778 3880 817 3930 aar
831 3861 954 3923 Patrem
967 3869 1273 3924 uurvsustmlsts
1286 3869 1457 3937 mmai}
1561 3874 1588 3905 u

111 3945 502 4045 fifflflumwsm·
617 3950 1013 4047 Beneficiumomnium,
1035 3973 1179 4051 quonam
1187 3947 1274 4021 sides

1188 4042 1279 4125 sada
