3456 4718
281 259 709 351 succidamini,
741 254 1171 372 nascituroexVirgine.
1287 290 1312 367 5

144 407 191 480 rei
204 406 282 481 loco
296 401 421 475 habere
434 400 638 499 potuerunt?
663 401 817 473 Polliceri
831 421 945 473 autem
960 403 1166 497 Prophetam
1174 402 1310 480 hierem

143 528 322 602 magnam,
346 526 388 573 ert
403 500 555 573 universo
570 500 676 598 liquet
690 519 864 571 contextu.
890 500 1071 572 Mulierem
1082 526 1123 572 ex
1132 503 1308 598 congressu

143 603 230 673 virili
248 622 345 672 utero
360 600 539 693 concipere
553 597 589 668 δ(
605 598 783 671 excludere
796 597 941 687 foetum,
966 602 1022 693 qui
1039 598 1306 693 appellandussrt

142 699 367 773 Imminutio:
398 722 441 768 an
460 696 640 769 existimari
661 697 771 791 potest
778 700 897 791 signum
917 696 1005 767 adeo
1019 696 1082 768 esse
1096 697 1307 788 memorabile,

142 826 182 869 ex
196 793 392 900 seperioribns
412 798 558 890 petitum
582 796 617 867 ὃ(
639 788 860 890 inferioribnr?
885 819 928 865 an
943 794 1009 865 dici
1025 798 1137 889 potest
1150 820 1213 868 ruit
1231 796 1307 868 Sto-

142 917 226 967 uun
243 891 483 966 nnontotncn?
510 893 564 966 De
579 897 743 967 Miracnlo
758 894 848 963 enim
866 891 900 961 ὃ(
904 895 1075 994 prodigiali
1076 897 1159 993 figno
1167 895 1224 965 hic
1232 895 1307 990 agi,

168 1012 239 1065 atet
252 1017 293 1063 ex
309 991 360 1071 irs.
383 1018 436 1063 11.
461 991 497 1062 ὅ(
514 1017 556 1064 ex
571 990 650 1089 ipsis
665 1013 801 1087 quoque
816 990 916 1086 hujus
930 990 1207 1078 Oraculiverbis,
1233 993 1307 1086 qui·

142 1017 202 1162 dus
218 1090 578 1186 ProphetaJudaeosad
586 1091 810 1163 attentionem
820 1109 983 1185 provocat
990 1091 1186 1162 voculitnrn
1196 1088 1306 1161 Ecce.

140 1187 292 1276 Deinde,
327 1188 351 1261 st
378 1188 453 1261 haec
473 1187 631 1261 obtineat
653 1189 901 1281 interpretatio:
927 1212 1004 1282 qua·
1019 1188 1068 1256 vis
1085 1189 1148 1258 erit
1168 1188 1203 1256 in
1218 1210 1306 1260 voce

138 1283 251 1367 emir?
275 1288 360 1359 Vim
373 1284 455 1359 verb
473 1288 537 1359 ess'e
552 1289 586 1358 in
602 1289 664 1358 hac
678 1310 785 1375 voce,
810 1286 845 1356 ὃ(
861 1288 1021 1358 orationis
1032 1285 1163 1380 pondus
1172 1286 1206 1353 in
1215 1285 1306 1357 illam

140 1382 356 1474 recumbere,
389 1387 512 1477 cuique
536 1383 639 1457 verbu
660 1382 771 1456 obiter
791 1383 982 1480 inspicienti
1007 1383 1218 1454 manifestum
1246 1384 1306 1457 est.

139 1488 248 1569 Ecce,
279 1484 326 1554 ait
349 1482 546 1575 Propheta,
587 1485 674 1558 emir
700 1484 813 1551 Aeun
837 1488 978 1579 concipiet
1001 1500 1049 1552 ta
1063 1487 1166 1582 pariet
1179 1485 1307 1552 Filium.

139 1575 245 1650 certe
261 1576 284 1647 sr
300 1598 412 1649 totum
420 1581 559 1673 fignum,
586 1576 642 1646 hic
657 1575 677 1647 d
693 1577 863 1671 Propheta
871 1577 1007 1664 datum,
1031 1582 1162 1651 constet
1169 1582 1308 1653 nomine

139 1679 356 1762 Immanuelir,
381 1698 450 1768 quo
467 1673 695 1770 insigniendus
710 1673 1003 1767 essetnatuspuer:
1029 1697 1130 1766 quare
1138 1677 1308 1768 Propheta

140 1776 360 1844 Immanuelem
367 1772 462 1844 illum
469 1776 556 1850 mir
564 1768 669 1842 Arni*
676 1772 878 1842 nasciturum
886 1767 1050 1843 affirmat?
1065 1773 1208 1845 Perinde
1217 1773 1309 1846 enim

140 1886 215 1941 tum
231 1889 319 1958 erat,
344 1872 601 1965 etquicunque
616 1869 755 1940 demum
766 1869 906 1941 muliere
913 1869 1309 1945 nascereturlmmanuel.

138 1965 210 2039 Dic
231 1962 314 2038 vero
338 1967 466 2039 sensum
489 1967 631 2040 Oraculi
652 1967 735 2055 ess‘c,
770 1967 983 2063 proditurum
999 1991 1041 2038 ex
1056 1974 1202 2066 Virgine,
1228 1970 1310 2064 puri

138 2063 175 2137 &
193 2063 298 2155 casti,
329 2063 453 2161 absque
467 2067 641 2174 congressu
658 2067 753 2153 Viri,
784 2066 927 2155 Filium,
960 2068 1018 2163 qui
1033 2066 1252 2163 appellandus
1268 2065 1309 2140 fit

139 2164 366 2253 lnnmuen,
400 2165 479 2260 quia
499 2166 579 2237 esset
601 2189 705 2238 nono
728 2162 844 2238 Deus:
876 2166 1103 2237 omniaerunt
1117 2164 1213 2237 salva.
1247 2164 1308 2240 Est

138 2266 231 2336 enim
246 2265 314 2337 hoc
327 2270 473 2362 Signum,
496 2265 592 2336 omni
607 2262 894 2336 animadversione
909 2261 1159 2362 dignissimum:
1186 2261 1223 2334 &
1234 2265 1308 2361 qui·

137 2361 216 2434 dem
240 2383 289 2431 mr
321 2385 459 2434 stonum
482 2385 724 2449 nnontornen,
758 2364 903 2454 petitum
928 2386 970 2432 ex
992 2386 1246 2434 stiventontnus
1269 2359 1307 2432 &

137 2480 416 2545 turuntontnuS‚
439 2457 511 2541 (iss-
532 2462 607 2543 11.)
628 2458 676 2529 ob
692 2461 884 2556 mysterium
899 2456 1147 2550 conjunctionis
1160 2459 1309 2555 utriusque

139 2578 261 2626 naim.
284 2552 396 2628 Recte
413 2556 518 2723 ipitur
532 2555 568 2624 ὃ(
584 2551 716 2648 optime
734 2567 766 2626 te
774 2553 876 2626 habet
884 2556 1312 2651 Matthaeiinterpretatio,

140 2652 201 2745 qui
222 2651 290 2722 hoc
308 2654 424 2723 Oracu
438 2675 496 2722 um
512 2653 622 2722 direeii
636 2651 672 2721 &
688 2650 860 2723 immediati
875 2653 916 2723 ad
932 2651 1107 2723 Christum
1122 2650 1309 2740 transtulit,

140 2748 177 2821 ὃ(
199 2773 261 2820 nos
284 2749 318 2818 in
342 2771 458 2819 verum
483 2746 571 2820 illius
592 2749 719 2822 sensum
736 2751 846 2822 duxit.
879 2748 1162 2821 Demonstrarunt
1177 2746 1309 2843 insuper

139 2844 364 2923 Eruditissimi
387 2846 489 2935 Viri,
521 2870 642 2918 vocem
663 2851 752 2926 πιών
777 2869 847 2920 tarn
870 2848 961 2943 quod
985 2846 1027 2917 ad
1042 2846 1174 2939 imper,
1207 2866 1310 2940 quarn

138 2947 232 3045 quod
245 2945 288 3017 ad
302 2943 398 3017 usum
415 2945 590 3040 Scripture
606 2943 754 3033 Sancite,
779 2947 878 3018 aliam
892 2971 960 3017 non
977 2944 1156 3017 admittere
1163 2944 1311 3015 notatio·

138 3069 244 3133 nem,
276 3067 377 3139 quam
394 3049 556 3143 Virginis:
591 3043 627 3114 ὅ(
643 3042 797 3140 proxime
812 3046 948 3141 quidem
963 3044 1136 3133 Homine,
1168 3041 1204 3114 ὅ(
1220 3040 1310 3115 Wa·
1338 3067 1463 3122 nemore.

139 3143 333 3313 {enseiliusz
359 3166 444 3239 quos
458 3161 574 3214 tamen
590 3141 712 3215 merito
725 3146 886 3216 miramur
898 3140 1114 3216 difficultates
1128 3142 1198 3216 illas
1213 3161 1309 3216 nota·
1324 3134 1411 3194 evang.
1428 3140 1495 3201 '’¹⁰¹”

166 3242 244 3332 iles,
268 3266 348 3338 quas
363 3239 468 3313 modd
484 3242 723 3336 produximus,
749 3267 818 3313 non
833 3241 987 3341 tetigisse.
1326 3198 1491 3321 ''reiigifie

191 3341 265 3412 Vl.
296 3338 391 3439 Ergo
412 3338 436 3412 fi
459 3339 567 3412 nodus
590 3341 647 3411 hic
670 3365 740 3411 non
761 3341 939 3432 secandus,
973 3340 1027 3413 sed
1051 3338 1226 3414 solvendus
1250 3341 1309 3415 stt:
1325 3329 1463 3386 “W‘'

142 3436 233 3509 aliud
249 3436 306 3508 hic
323 3438 525 3512 tentandum
538 3439 598 3512 est.
625 3438 808 3538 Suppofitd
821 3441 925 3537 igitur
939 3437 1147 3537 hypothesi,
1170 3439 1312 3534 Jesaiam

143 3535 201 3608 hic
216 3530 327 3604 eirene
340 3538 514 3610 vaticinari
528 3538 571 3610 de
585 3564 652 3608 ortu
667 3538 795 3612 Christi
809 3540 886 3632 Jesu
901 3568 941 3610 ex
953 3545 1076 3637 virgine
1090 3547 1226 3610 Maria:
1260 3542 1312 3614 vi·

142 3633 313 3722 dendum,
337 3633 418 3728 quid
433 3636 475 3705 ad
491 3656 668 3734 utramque
685 3635 940 3725 difficultatem,
965 3660 1066 3731 quam
1075 3633 1313 3734 modoprodu·

142 3731 323 3819 cebamus,
349 3729 410 3801 rite
423 3734 685 3827 expediendam,
709 3730 976 3810 commodissime
990 3737 1024 3805 in
1035 3734 1313 3809 mediumadserri

143 3850 256 3930 queat.
288 3830 396 3926 Qtod
420 3828 525 3927 igitur
546 3832 589 3905 ad
615 3841 751 3907 Priorem
772 3837 912 3921 attinet,
943 3856 1019 3928 quae
1032 3831 1132 3906 insert
1141 3840 1314 3907 Nativita-

134 3940 206 4007 ’κω
219 3929 338 4033 Meffie
351 3956 391 4004 ex
403 3936 438 4009 V
434 3934 553 4029 irgine,
576 3931 653 4031 post
669 3933 800 4110 alippot
813 3929 957 4009 demum
971 3930 1082 4008 secula
1097 3951 1314 4020 eventuram,

778 4048 800 4131 3
1254 4053 1316 4106 nin
