3456 4718
208 295 322 370 cir.
347 292 471 373 XVII.
525 252 1183 401 IsraelitisinArabiapralucentls.
1287 328 1377 394 arr

207 428 451 506 OEconomiae
465 428 507 503 N
508 453 584 503 ovae
599 480 612 521 ,
643 427 707 501 illis
721 425 924 525 infliguntur
938 426 1053 503 til-’ilio
1069 439 1151 525 Dei,
1176 436 1275 528 huius
1289 439 1381 519 Uni·

210 529 297 603 verfi
310 531 442 626 Judiee.
466 528 518 601 Ut
534 528 688 600 Christus
704 525 874 598 Dominus
888 525 1002 600 eledlis
1009 529 1236 606 Credentibus
1244 539 1291 611 est
1300 540 1377 634 Sol,

212 630 317 719 Vita,
341 627 461 700 caussa
477 627 513 699 ὅ(
529 627 597 703 Via
611 645 738 718 aeternp
754 624 864 699 salutis
879 624 915 697 ὃ(
930 625 1132 717 Felicitatis,
1158 630 1204 703 fic
1218 634 1378 732 impoeni-

202 726 361 799 tentibus
383 725 419 798 &
435 725 582 798 oblatam
598 723 753 798 Gratiam
769 721 1020 822 negligentibus
1033 745 1093 799 aut
1104 730 1376 829 repudiantibus,

209 831 299 923 Ignis
310 826 485 918 confirmmr.

204 972 207 977 -
259 923 308 995 X.
353 929 383 993 el.
409 922 515 1016 Quod
539 939 653 993 autem
678 925 751 991 Lux
775 917 812 990 dt
836 924 919 1016 Ignis
933 919 966 991 se
980 921 1015 992 in
1031 921 1171 1001 Nurum
1186 927 1373 1022 induerint,

204 1017 289 1116 apti
304 1018 493 1116 significare
506 1020 659 1116 poterit,
690 1044 720 1089 a.
734 1016 822 1088 Non
837 1041 976 1089 omnem
992 1016 1206 1112 Perfciiioncm
1220 1032 1297 1096 Filii
1311 1036 1375 1101 Dei

206 1115 305 1188 nobis
319 1120 499 1190 revelatam
513 1118 578 1190 esse
591 1119 627 1189 in
642 1116 871 1190 OEconomia
878 1116 1019 1188 Gratiae.
1043 1119 1104 1191 Est
1111 1122 1255 1218 aliquid,
1279 1126 1372 1219 quod

203 1214 251 1287 de
272 1214 351 1287 Deo
367 1215 387 1289 l
401 1215 499 1289 nobis
512 1240 583 1286 non
597 1212 824 1309 intelligitur,
855 1233 894 1284 ut
908 1214 1005 1308 supri
1020 1218 1194 1291 evicimus.
1225 1221 1265 1292 ld
1281 1224 1370 1297 idem

204 1336 276 1384 non
290 1315 492 1409 intelligitur
506 1315 541 1384 in
555 1312 644 1384 Filio
660 1309 738 1383 Dei.
771 1310 833 1382 Est
845 1313 881 1381 in
897 1312 968 1406 ipso
982 1313 1063 1408 quid
1077 1315 1230 1389 mirabile.
1254 1322 1370 1414 Quare
1384 1336 1550 1404 lutatam.

204 1409 275 1483 boc
295 1409 357 1505 ipsi
378 1434 515 1506 quoque
533 1411 652 1482 datum
673 1406 721 1478 est
742 1435 874 1496 nomen,
904 1409 994 1504 apud
1014 1411 1165 1503 Jesaiam.
1194 1447 1234 1495 ur
1247 1446 1371 1496 :um
1391 1434 1519 1504 Jecur.

203 1509 374 1603 Quodnam
387 1509 427 1601 est
439 1533 545 1577 nomen
559 1512 637 1579 Filii
649 1511 713 1605 ejus
728 1501 743 1577 ἓ
768 1502 891 1577 merito
904 1528 1002 1602 rogat
1016 1515 1122 1607 Agar.
1156 1512 1243 1584 Non
1258 1504 1369 1590 oinnis
1396 1537 1548 1599 nonme

201 1606 320 1700 itaque
334 1611 445 1675 Gloria
458 1610 536 1677 Filii
550 1603 618 1675 Dei
631 1604 784 1676 videtur:
811 1627 919 1702 neque
926 1607 1036 1676 omnis
1045 1612 1156 1677 Gloria
1164 1618 1266 1681 Patris
1272 1620 1306 1681 in
1312 1621 1371 1685 Fi-

201 1704 278 1771 lio.-
318 1701 377 1775 sed
407 1701 461 1774 illa
484 1721 617 1775 tantum
641 1723 709 1796 que
734 1702 890 1774 humanis
915 1703 1187 1800 perceptionibus
1211 1707 1371 1804 subjacet.

200 1794 237 1869 b.
262 1797 417 1873 Gratiam
431 1799 469 1872 &
483 1801 710 1874 Clementiam
724 1798 907 1888 Divinam,
933 1822 1011 1896 quae
1025 1824 1085 1898 per
1098 1803 1241 1895 Nubem,
1265 1815 1371 1921 Ignem

200 1914 446 1994 temperantem
461 1947 474 1989 ,
504 1897 703 1972 adumbrata
716 1900 784 1987 est,
808 1898 845 1967 in
858 1896 996 1970 Christo
1005 1900 1087 1991 Jesu
1101 1901 1297 1999 ampliffime
1311 1904 1370 1977 de-

199 1994 419 2069 monstratam
435 1997 509 2070 esse.
535 2002 636 2095 Ignis,
659 1997 718 2092 qui
733 1997 770 2067 in
784 1993 913 2066 Deo&
929 1997 964 2066 in
972 1997 1045 2093 ipso
1052 1998 1120 2090 est,
1145 2024 1205 2096 per
1212 2001 1319 2100 ipsum
1326 2003 1368 2076 il-

196 2092 271 2168 lum
286 2092 460 2168 Christum
476 2095 620 2168 ao'rou
634 2113 796 2190 tanquam
810 2116 870 2190 per
885 2092 1008 2165 Nubem
1021 2098 1233 2192 reprimitur,
1257 2123 1302 2172 ne
1314 2126 1369 2170 nos

194 2194 358 2286 confirmat.
396 2194 437 2265 In
453 2199 580 2294 Angelo
593 2195 728 2267 Foederis
740 2191 789 2265 est
800 2194 891 2268 rhun
906 2196 1084 2265 Clementia.
1134 2220 1165 2269 c.
1190 2197 1364 2271 Christum
1378 2219 1422 2289 tet
1433 2226 1546 2288 mian

194 2290 294 2384 Λόγον
309 2291 465 2365 Gloriam
479 2292 572 2367 suam
583 2293 633 2365 ita
647 2288 843 2363 hominibus
858 2289 924 2361 else
935 2291 1178 2383 revelaturum,
1206 2315 1367 2370 uttamen

191 2390 400 2484 aliqumfieae
414 2394 787 2489 Gloriaepmemregerer.
811 2387 868 2458 Sic
883 2388 1153 2483 egitFiliurDei.
1178 2392 1367 2470 lnd'uithu·

196 2508 332 2558 manant
347 2509 502 2574 carnem,
527 2483 1109 2586 quaevidereturess'ecaropeccaetoris.
1134 2486 1285 2561 Nullain
1293 2493 1366 2587 ipso

195 2581 219 2655 s
277 2582 342 2670 ies,
365 2581 495 2654 nullum
509 2582 613 2654 decus
627 2580 664 2652 &
678 2581 833 2677 splendor
846 2599 1015 2654 externus.
1039 2582 1080 2653 N
1081 2607 1122 2657 ee
1136 2602 1250 2657 tamen
1256 2587 1368 2658 Nubes

224 2702 245 2752 c
258 2678 435 2751 denotabit
448 2686 632 2751 Humanam
646 2679 757 2773 christi·
770 2686 951 2749 Naturam:
977 2680 1130 2751 illaenim
1139 2669 1302 2756 sententia
1307 2707 1366 2756 an·

196 2797 253 2851 tea
268 2775 400 2850 anobis
414 2777 462 2851 est
476 2776 619 2872 rejedia:
645 2776 700 2850 sod
707 2777 864 2866 Modum,
889 2798 959 2873 quo
966 2776 1122 2851 Christus
1130 2799 1169 2852 ut
1177 2780 1295 2859 altile
1302 2781 1366 2854 ho·

193 2872 344 2950 minibus
357 2874 503 2949 revelare
516 2875 637 2949 voluit.

241 2974 314 3049 XI.
339 2972 516 3048 Hadtenus
531 2972 732 3072 Symbolum
747 2972 817 3045 hoc
833 2973 979 3046 Sacrum
991 2976 1025 3043 in
1032 2971 1072 3068 se.
1082 2964 1365 3073 cbntemplatisu·

191 3096 279 3147 mus.
310 3070 421 3147 Nunc
443 3074 557 3169 itaque
569 3073 707 3146 demum
723 3068 858 3144 Secundi
873 3073 1067 3168 mysterium
1083 3072 1170 3145 illius
1186 3074 1363 3172 indagare,

192 3172 287 3266 juxta
300 3173 454 3245 ordinem
469 3171 567 3243 nobis
582 3172 835 3270 praelcriptum,
858 3169 958 3242 liceat
973 3171 1008 3240 in
1021 3177 1233 3268 ,exteriquam
1243 3171 1363 3244 habuit

191 3269 237 3341 ad
253 3271 422 3367 Populum
435 3272 643 3365 Judaicum,
674 3266 826 3367 respedlu
842 3266 991 3357 Usuuu,
1016 3294 1100 3366 quos
1115 3270 1268 3342 llia'e'litae
1284 3272 1363 3343 inde

254 3390 425 3463 ceperunt.
450 3369 503 3442 1111
519 3366 601 3443 verb
614 3368 702 3463 Usus,
727 3365 797 3439 srve
812 3369 925 3463 potius
939 3367 1066 3462 Officia,
1091 3391 1166 3462 quae
1182 3369 1249 3439 hoc
1264 3369 1363 3465 Sym·

243 3465 655 3565 lumllra'elitispraestitit,
680 3468 1010 3555 suntvelGeneralia‚
1027 3463 1362 3563 Nubi&lgnirom·
1433 3506 1442 3521 x

191 3565 334 3653 munia,
366 3565 425 3638 vel
447 3571 625 3665 Specialia,
656 3562 808 3661 relpe&u
831 3566 1049 3662 peculiarium
1073 3565 1143 3636 sive
1157 3564 1362 3636 drvcrlutum

190 3661 392 3759 qualitatum
417 3663 516 3734 Nubis
541 3663 578 3735 &
600 3670 694 3763 Ignis.
742 3661 833 3735 Nuli
852 3660 891 3734 &
911 3672 982 3761 lgm'
1004 3686 1199 3734 communia
1215 3662 1362 3734 luerunt.

191 3791 226 3837 α.
250 3760 355 3853 Quod
391 3759 544 3834 Israelita
567 3763 601 3832 in
621 3764 662 3834 iis
683 3760 862 3834 habuerint
884 3762 1028 3858 Signum
1052 3759 1189 3832 Divinae
1213 3762 1361 3834 Pnelen·

189 3861 258 3932 tiae.
309 3862 344 3947 a.
361 3858 443 3932 lllos
459 3858 615 3941 duxerint
630 3862 665 3931 in
679 3860 779 3932 sterili
795 3859 938 3932 Deserto
953 3857 1088 3930 Arabiae
1097 3864 1131 3930 in
1139 3860 1280 3932 Terram
1290 3858 1358 3932 Ca·

188 3982 288 4035 naan.
337 3987 372 4054 y.
397 3955 495 4032 Deua
520 3981 566 4031 ex
591 3956 656 4031 illia
677 3957 890 4126 volusstapltem
910 3956 1004 4032 luam
1022 3956 1176 4035 israelitis
1196 3957 1357 4127 apolog-

852 4078 871 4127 2
1300 4076 1357 4127 n.
