3456 4718
335 277 508 390 Eiusque
535 280 792 362 Mssrssro.
821 277 973 364 Lntv.
994 277 1180 365 coxit.
1241 307 1348 390 1059

194 455 263 507 non
275 433 433 508 exislimo
448 429 595 528 rigidum
610 428 695 500 serre
709 428 803 524 polle
816 451 978 518 examen,
1011 427 1035 501 st
1050 428 1157 523 probe
1171 431 1347 503 excutian·
1439 460 1441 464 >

194 550 261 606 tur.
285 538 371 604 Scire
384 531 509 624 aliquid
519 535 714 626 experimento
724 526 1210 626 supponitexperimentamillim
1216 574 1230 611 ,
1255 525 1349 623 quod

192 629 308 705 scitur.
333 627 421 700 illud
436 643 546 698 autem
553 625 633 718 scire
647 630 869 724 experimento,
894 622 1082 719 sipraesenti
1091 623 1191 697 alicui
1200 623 1361 695 slatuial··

192 725 339 824 ligetur:
371 724 529 819 supponit
547 721 673 817 prasens
696 729 932 819 experimentum
953 721 1060 807 illius,
1084 719 1176 815 quod
1190 745 1233 792 co
1249 720 1353 792 modo

194 822 271 897 sciri
287 823 418 895 dieitur.
443 819 479 891 Si
496 820 601 915 igitur
614 821 729 889 Adam
736 821 800 921 post
815 818 933 918 lapsum
945 817 1083 890 demum
1098 818 1353 918 dicatnrscr'visse

193 916 503 1004 lonuwmalum,
517 914 917 1009 consequensest,.ipsum
926 914 1001 1010 post
1009 913 1135 1009 lapsum
1143 933 1214 986 tam
1223 913 1354 987 bonum
1373 985 1377 991 .

194 1015 431 1112 quammalum
440 1011 737 1111 expertumsuisse:
752 1033 831 1084 cum
840 1032 974 1100 tamen,
988 1030 1027 1083 ut
1039 1011 1270 1099 satisconllat‚
1280 1009 1355 1106 post

192 1111 321 1210 lapsum
330 1109 546 1188 solummodo
553 1133 692 1211 expertus
699 1108 798 1182 suerit
806 1114 1020 1197 malum,non
1028 1107 1146 1179 bonum.
1154 1112 1287 1181 Malum
1295 1130 1355 1179 co·

191 1214 316 1309 gnovit
329 1212 409 1308 post
423 1211 553 1305 lapsum
569 1208 824 1302 experimentos
849 1205 886 1279 ὃ(
899 1205 986 1277 illius
994 1206 1265 1302 magnitudinem
1274 1203 1353 1277 mali

192 1313 308 1404 potuit
321 1310 487 1383 aestimare
503 1330 545 1379 ex
561 1305 816 1400 comparatione
830 1308 909 1375 Boni
925 1351 938 1390 ,
969 1324 1040 1398 quo
1058 1303 1090 1375 se
1104 1305 1271 1395 privatum
1288 1301 1352 1375 esse

193 1408 381 1525 cognovit,
403 1423 506 1501 atque
518 1404 604 1476 adeo
617 1401 913 1498 differentiammaeli
929 1397 1036 1472 ibono
1049 1399 1352 1494 perpeccatumdi·

136 1578 139 1583 ,
194 1504 297 1577 dicit:
323 1503 380 1575 sed
403 1504 540 1596 proprie
555 1499 592 1571 δι
606 1519 762 1571 accurare
775 1497 945 1592 loquendo
958 1497 1067 1595 ipsum
1082 1504 1198 1569 Bonum
1213 1496 1349 1571 scicntia

193 1598 455 1694 experimentali·
465 1596 543 1689 post
555 1592 683 1689 lapsum
698 1615 769 1664 non
782 1595 969 1690 cognovit:

245 1696 322 1769 Xl.
345 1694 419 1764 Has
436 1692 581 1763 rationes
596 1690 629 1760 in
643 1711 768 1787 genere
780 1711 922 1787 oppono
935 1689 1126 1789 sententie,
1156 1713 1226 1789 que
1241 1692 1345 1765 deno·
1375 1721 1489 1793 sonitu

196 1791 421 1865 minationem
436 1787 535 1883 hujus
547 1785 686 1859 Arboris
698 1785 1083 1884 explicatperrps'aidn,
1106 1789 1344 1863 &denomino
1363 1780 1520 1894 ffiffim

198 1888 474 1964 tionisrationem
488 1880 798 1958 arceffitaebeaentu.
823 1884 952 1958 Verum
965 1886 1227 1981 superestaliud,
1252 1887 1344 1986 quod
1521 1875 1528 1893 '

195 1985 232 2058 in
257 1982 312 2057 illa
336 2001 451 2055 notem
467 1982 766 2078 interpretatione,
799 1998 869 2080 que
883 1984 1048 2057 rationem
1063 1987 1346 2059 denominationis

196 2081 301 2176 hujus
321 2079 446 2157 arboris
470 2102 541 2150 non
565 2095 698 2151 tantum
712 2079 798 2174 petit
811 2077 854 2153 ab
868 2101 1012 2169 eventu,
1043 2085 1264 2173 utRivetns,
1289 2084 1344 2156 sed

196 2197 359 2278 praeterea
372 2177 547 2274 supponit,
578 2174 688 2270 ipsum
706 2175 774 2248 hoc
787 2200 914 2251 nornen
926 2178 1029 2250 arbori
1043 2181 1123 2252 huic
1137 2182 1239 2253 relate
1254 2182 1295 2252 ad
1311 2206 1345 2253 e·

194 2298 338 2350 ventam
353 2274 560 2374 probationis
574 2270 726 2347 sutorum
742 2292 875 2348 naisso
890 2275 973 2348 Duo
979 2284 1051 2376 jam
1063 2304 1134 2349 ante
1145 2279 1344 2378 hominilap·

190 2375 258 2470 sm
270 2373 365 2448 fuisse
378 2373 544 2461 inditums
558 2388 669 2469 'quam
685 2392 746 2444 nos
762 2373 978 2464 sententiam,
1003 2375 1155 2472 plurimis
1170 2395 1342 2474 receptam

195 2470 720 2569 interpretibus,‘proposutmus
733 2468 845 2543 verbis
854 2472 992 2572 Muylii.
1016 2473 1231 2547 Certevelim
1240 2475 1342 2563 scire,
1373 2505 1493 2562 natione,
1537 2520 1542 2533 ·

196 2573 254 2641 cui
269 2575 360 2660 usui,
385 2570 420 2640 ὃ(
435 2594 535 2666 quem
551 2572 585 2642 in
600 2568 704 2642 finet'n
720 2568 753 2639 id
762 2591 886 2641 nomen
894 2571 973 2642 huic
980 2569 1081 2640 arbori
1089 2570 1246 2663 eosensu,
1271 2595 1341 2667 quo
1358 2582 1407 2656 Ψ
1417 2580 1469 2616 ‘⁸¹¹¹
1480 2563 1527 2613 ¹¹²¹

198 2667 323 2739 volunt
334 2668 555 2760 interpretes,
586 2666 699 2739 aiDeo
712 2666 783 2761 ipso
797 2668 941 2741 inditum
960 2665 1080 2739 fuerit?
1112 2672 1168 2741 An
1181 2690 1220 2741 ut
1236 2670 1342 2740 homo
1358 2628 1513 2743 iiiiii.

197 2763 279 2836 inde
302 2764 477 2860 colligeret
499 2763 642 2835 suturam
668 2765 758 2835 suam
777 2764 940 2837 miseriam
956 2764 991 2835 ὃ(
1006 2763 1253 2837 calamitatem?
1278 2765 1344 2838 Sed

196 2860 376 2957 quomodo
388 2863 566 2934 conveniat
581 2861 710 2955 Divino
725 2862 900 2959 sapientie
914 2861 1058 2956 aliquam
1073 2862 1225 2935 arborem
1237 2860 1346 2934 facere

196 2962 373 3032 materiam
398 2958 603 3053 explorande
616 2959 764 3032 hominis
776 2956 1007 3045 obedientiae,
1039 2957 1074 3028 &
1090 2958 1188 3032 fimul
1201 2959 1349 3034 suturam

196 3055 345 3131 hominis
360 3058 523 3129 miseriam
539 3078 599 3152 per·
611 3056 697 3129 illius
705 3056 846 3129 Arboris
856 3055 1166 3129 denominationem
1176 3057 1352 3156 praesrgni·

199 3152 319 3227 ficare?
345 3156 432 3244 Vel,
455 3177 498 3226 an
512 3154 683 3243 dicemus,
709 3154 879 3227 Adamum
894 3154 930 3225 &
947 3153 1054 3227 Evam
1070 3157 1141 3228 vim
1154 3156 1354 3228 illiusdeno·

200 3253 392 3325 minationis
405 3270 484 3324 ante
497 3252 625 3348 lapsum
640 3274 710 3323 non
724 3248 939 3326 intellexisse?
963 3250 1001 3324 ld
1017 3277 1123 3326 unum
1139 3255 1229 3326 enim
1244 3253 1285 3324 ad
1302 3255 1353 3325 vi·

201 3347 342 3421 tandum
365 3348 400 3421 τδ
413 3349 525 3423 ἄτοπον
541 3349 640 3442 hujus
654 3348 827 3421 sententiae
841 3351 910 3420 dici
926 3349 1017 3444 posse
1032 3351 1142 3423 video.
1178 3353 1309 3428 Verum
1324 3349 1350 3425 fi

201 3442 299 3517 Deus
316 3448 479 3520 rationem
496 3446 778 3519 denominationis
792 3443 835 3516 ab
852 3445 1045 3520 hominibus
1059 3470 1138 3520 ante
1153 3448 1282 3546 lapsum
1299 3451 1307 3518 i
1336 3488 1351 3505 ·

200 3542 314 3614 norati
332 3544 455 3618 voluit:
480 3567 582 3640 quare
595 3543 699 3640 igitur
714 3540 879 3616 Arborem
894 3543 1274 3618 hocnominedonavit?
1298 3472 1353 3621 ὅ·

200 3639 298 3734 tique
312 3641 402 3712 enim
416 3643 450 3716 id
462 3667 532 3715 non
548 3641 615 3730 sui,
639 3640 1131 3730 sedhominumtaussafeciffe,
1156 3642 1352 3719 clarumest.

199 3735 270 3808 sed
284 3737 366 3832 quid
382 3739 458 3812 inde
470 3739 592 3815 usus&
609 3739 1057 3826 emolumentiadhomines,
1085 3737 1350 3815 strationemno·

198 3835 301 3907 minis
315 3835 357 3907 iis
371 3833 469 3909 simul
481 3840 514 3910 in
529 3835 682 3911 Paradiso
696 3835 819 3911 tedam
834 3838 899 3914 ell'e
911 3835 1075 3911 voluerit?
1101 3839 1141 3913 si
1155 3842 1348 3937 quisautem

198 3931 388 4025 existimet,
413 3932 580 4029 stillicere,
605 3936 765 4104 υιέοωο
785 3936 923 4010 demum
934 3938 996 4038 post
1008 3939 1123 4038 lapsum
1136 3933 1348 4047 rationem&

713 4057 730 4105 r
753 4056 769 4105 t
793 4056 809 4105 t
832 4058 889 4107 rr
1175 4090 1182 4098 .
1275 4055 1348 4107 vnn
