3456 4718
374 294 429 376 94
539 263 603 344 De
624 262 924 344 Couunutout
944 253 1305 339 Cuarsrrauoaou
1370 255 1473 339 Lm.
1497 264 1557 347 V.

374 422 413 477 to
427 398 543 473 multis
556 397 670 473 adium
685 393 986 492 disputatumque,
1017 391 1038 469 d
1051 416 1120 488 quo
1136 413 1293 489 tempore
1306 392 1468 471 Christus
1481 399 1570 475 Po-

375 501 495 671 gulum
510 498 629 571 habuit
643 497 678 568 in
694 493 823 566 mundo
839 516 847 562 :
889 491 944 565 sed
960 516 1029 564 non
1043 489 1086 563 ab
1100 490 1261 567 omnibus
1276 490 1375 590 aeque
1385 492 1565 593 feliciter,

430 598 552 695 protei
567 597 699 669 merito.
724 590 962 667 confuderunt
977 591 1096 680 multi,
1121 593 1181 685 qui
1195 590 1284 687 hauc
1302 592 1480 669 materiam
1487 614 1564 671 ua.

376 696 530 785 etarunt,
555 698 800 767 Communionem
813 689 1082 762 Christianorum
1098 689 1313 765 ΕκτειιΝΑΜ
1327 692 1564 771 cumlrtrzra·

378 816 458 883 un,
490 818 633 890 eamque
656 792 842 863 statuerunt
863 792 1118 880 Ausonurau,
1152 786 1220 860 live
1242 790 1358 886 potius
1369 788 1507 886 ‹ljilrtte‘
1520 792 1564 869 ὅτ

378 898 488 969 ἁπλῶς
508 890 787 979 considerarunt,
819 911 922 984 quam
945 889 1088 962 statuere
1109 884 1299 961 debuissent
1311 888 1564 969 Hammeu-

379 1016 461 1065 emt
476 990 513 1062 ὃ(
527 990 677 1085 σχετικόν.
696 989 831 1083 utique,
858 988 880 1060 fi
897 985 985 1059 sorte
998 1010 1069 1058 rem
1084 986 1188 1082 ipsam
1203 1010 1274 1057 non
1287 984 1376 1061 adeb
1388 1010 1564 1088 perceptu

377 1088 554 1162 difficilem
569 1090 626 1162 hic
640 1088 831 1177 tenuerint,
856 1093 914 1177 (ut
929 1086 1188 1185 negarenolim,
1212 1084 1564 1184 Augustintmtinva·

379 1191 437 1262 riis
451 1186 585 1277 Libris,
609 1211 695 1285 quos
709 1184 816 1257 edidit
829 1184 981 1259 adversus
997 1185 1191 1281 Donatistas,
1214 1183 1341 1282 aliquid
1358 1184 1448 1257 illius
1455 1186 1564 1265 vidis·

380 1287 413 1361 se
423 1288 452 1374 z)
477 1286 654 1359 discrimen
669 1307 784 1361 tamen
798 1282 973 1375 notabile,
1006 1284 1098 1381 quod
1112 1285 1201 1356 inter
1217 1288 1390 1355 Externa
1402 1280 1442 1359 ὅ(
1455 1293 1564 1361 Inter·

377 1412 480 1476 atam,
512 1384 549 1456 ὅ(
569 1391 657 1456 islam
676 1384 816 1481 quidem
831 1382 1018 1476 Absolutum
1030 1379 1066 1452 δί
1082 1382 1318 1482 Hypotheticm
1329 1378 1564 1463 credentium

250 1485 253 1503 ²
382 1491 628 1555 Communionem
642 1481 847 1572 intercedit,
871 1504 943 1552 non
959 1481 1035 1554 satis
1049 1479 1139 1553 clare
1153 1480 1425 1555 demonstrarunt
1438 1478 1478 1555 ἃ
1492 1508 1563 1557 ex-

408 1583 586 1655 licuerunt.

381 1605 406 1680 p
432 1672 486 1754 ll.
512 1681 596 1753 lnde
611 1676 714 1771 verb,
738 1675 843 1751 Boni!
870 1696 955 1777 quot
969 1702 1039 1750 non
1054 1678 1089 1749 in
1100 1676 1357 1751 Christianismo
1407 1678 1560 1777 redorta,

382 1777 544 1869 absurda,
568 1778 605 1850 ὅ(
621 1773 819 1851 arusinis?
843 1779 915 1874 Qri
930 1776 1061 1849 Donati
1076 1701 1568 1875 partesoliminAliicasedla«

386 1875 529 1967 bantur,
553 1879 770 1973 pertinaciter
783 1874 1056 1961 contendebant,
1080 1874 1566 1955 sesolosverosesserrislia·

384 1999 448 2144 32:
456 1978 803 2145 ’cillini‘siss'lss
816 1972 1023 2144 &illst
1036 1973 1564 2179 bilbilis-iffi

385 2187 501 2243 totum
517 2167 822 2243 Orbcmterrarum
830 2166 987 2261 diffusos,
1012 2170 1563 2267 quossutexcludebantcommu·

382 2267 515 2359 -nione,
547 2265 644 2340 fimul
657 2269 716 2339 suo
728 2268 876 2365 quodam
894 2268 1093 2366 praejudicio
1107 2269 1333 2344 excludebant
1345 2270 1562 2367 speaetemae

380 2364 506 2443 salutis.
533 2365 749 2456 Miltiadem,
774 2364 1011 2458 Ambrofium,
1036 2371 1286 2467 Augullinum,
1308 2364 1504 2464 aliumueiit
1512 2367 1562 2445 fi·

380 2465 506 2555 miles,
527 2463 702 2555 dodlrina,
727 2465 820 2556 zelo,
844 2464 881 2537 ὃ(
894 2464 1112 2539 sandimonia
1126 2468 1329 2541 vitaeclaros
1342 2470 1468 2561 Viros,
1491 2492 1562 2569 pro

380 2562 546 2638 membris
567 2590 656 2637 verre
670 2562 832 2637 Ecclesrae
845 2567 915 2635 nori
930 2564 1100 2639 habebant
1114 2568 1304 2664 Donmstae,
1338 2566 1408 2641 five
1421 2571 1562 2666 potius,

383 2668 577 2756 Donatiani,
603 2670 660 2754 (ut
674 2663 874 2738 Cresconius
883 2664 1144 2738 Grammaticus
1158 2666 1246 2738 illius
1258 2661 1361 2740 seetae
1369 2668 1563 2743 homoAu·

378 2763 556 2860 gustinum
579 2762 674 2860 loqui
696 2763 853 2848 docuitz)
874 2781 913 2835 ut
934 2762 1017 2837 vead
1030 2762 1293 2855 existimabant,
1324 2767 1564 2845 neminemex

383 2859 584 2935 Christianis
598 2862 685 2934 illius
697 2862 882 2958 temporis,
906 2882 1077 2960 quotquot
1092 2862 1112 2935 i
1125 2862 1563 2957 suacommunionesecreti

379 2979 499 3047 erant,
524 2959 651 3053 sperare
666 2959 1093 3055 poll'eaeternamsalutem,
1117 2960 1377 3061 nisiinipsorum
1385 2958 1565 3035 Conven-

383 3053 476 3128 tibus
485 3080 543 3158 per
555 3053 734 3157 baptistam
747 3057 791 3130 de
804 3082 898 3131 novo
911 3059 1111 3135 Christianis
1124 3058 1370 3135 adscriberetur.
1393 3056 1566 3135 ldemfe·

381 3148 422 3229 ad
442 3152 596 3249 Ecclefie
613 3154 799 3252 Pontificio
807 3157 978 3255 judicium
992 3159 1039 3230 est
1056 3160 1099 3232 de
1113 3154 1387 3232 Protestantibus.
1416 3152 1567 3259 Despe-

383 3269 461 3327 rant
482 3249 529 3322 illi
551 3251 594 3323 de
615 3252 718 3324 salute
737 3258 892 3359 omnium
915 3254 1118 3331 Christianae
1132 3251 1336 3354 professionis
1348 3254 1564 3353 hominum,

386 3350 446 3446 qui
459 3367 632 3423 externam
650 3351 820 3426 Romanae
835 3352 998 3428 Ecclesiae
1011 3355 1049 3425 ὃ(
1063 3356 1151 3428 illius
1166 3356 1565 3431 sacrommoommunio·

385 3471 464 3520 nem
482 3445 664 3549 refugiunt.
689 3449 951 3525 Protestantium
966 3455 1124 3551 quidem,
1147 3456 1186 3526 in
1200 3456 1308 3529 varias
1321 3454 1564 3551 pattesdissra·

380 3542 540 3637 uorum,
565 3546 681 3645 passim
698 3548 813 3621 mitior
825 3552 874 3622 est
889 3550 1053 3626 sententia
1060 3552 1568 3652 deiiscumquibusextermm

386 3669 423 3719 m
449 3647 1343 3748 steriommReligionisCommunionemnoncolunt:
1367 3672 1566 3729 nectamur

441 3744 568 3847 speciem
584 3749 695 3821 minus
709 3747 886 3844 paradoxa.
912 3749 999 3823 Non
1013 3751 1189 3851 negabunt
1203 3751 1273 3842 illi,
1297 3752 1570 3850 (utiquenona-¹

381 3861 473 3940 gent
486 3843 540 3933 id,
563 3848 622 3942 qui
637 3847 811 3921 interillos
826 3848 1058 3925 moderatioris
1072 3851 1147 3925 stant
1162 3852 1330 3948 ingeniis)
1353 3852 1451 3948 ,oue
1463 3872 1574 3929 aeter-

383 3964 468 4017 natn
486 3940 626 4021 salutem
646 3943 796 4025 obtineri
813 3948 1000 4051 inillorum
1014 3950 1290 4027 cirthaeorum
1134 3952 1140 3965 '
1300 3950 1576 4125 (hmmgtnggnq

1522 4072 1571 4123 n·
