3456 4718
360 289 580 365 innxrux
603 299 874 361 amsarrrnn.
902 270 1233 359 turbemur.
1287 296 1372 380 pta

224 428 473 526 puniendorum
486 420 698 497 Delidoritm
706 423 995 521 porse-remittere,
1020 418 1374 522 absqueint'ervenient

223 547 262 599 te
275 524 519 600 sarisnfflone,
532 521 1104 619 ·NegandumquoqueestSocitto,
1128 520 1372 593 modum-illum

221 623 522 701 condonandorum
537 620 1099 721 Delibiorumperacceprr'laerr'omm,
1123 643 1223 715 quem
1232 618 1287 690 ille
1295 616 1373 687 Deo
1432 610 1436 625 '

223 720 406 808 adscribit,
435 717 559 815 absque
579 720 822 813 interveniente
843 718 1094 806 Satisfadione,
1124 719 1247 790 orthae
1263 711 1373 810 pbrafi

223 839 282 890 aut
296 819 490 912 metaphora
506 814 639 909 probari
654 815 755 910 posse.
792 817 899 915 Qtod
912 840 1028 888 carum
1041 815 1138 887 nobis
1153 814 1202 887 est
1220 814 1255 884 ὃ(
1270 812 1373 884 vehe·
1409 839 1561 913 cunning.

223 918 391 987 mentiore
405 937 519 986 amore
534 913 763 1007 prosequimur
776 944 788 997 ς
821 934 859 984 ut
873 915 947 987 sunt
964 917 1097 1002 honor,
1129 912 1224 983 liberi
1239 961 1252 1000 ,
1283 909 1373 981 bona
1393 917 1484 968 P⁰¹¹¹¹¹¹¹
1495 916 1561 951 ΜΨ·

222 1012 357 1107 majoris
375 1013 473 1107 pretii
488 1042 501 1094 3
534 1011 713 1082 filadaur
728 1030 785 1083 aut
798 1009 902 1083 nobis
914 1011 1098 1100 auferatur,
1123 1033 1182 1106 per
1199 1011 1302 1102 ipsam
1317 1030 1373 1078 na·

217 1106 334 1182 'turam
358 1132 421 1183 nos
439 1109 599 1181 sentimus
622 1107 764 1203 obligari
778 1109 820 1178 ad
836 1109 869 1180 id
887 1110 1126 1181 vindicandum
1141 1104 1372 1203 &petendam

222 1204 267 1277 ab
281 1230 342 1297 eo,
368 1208 425 1304 qui
440 1231 502 1277 nos
515 1202 619 1293 laefit,
644 1207 901 1278 restitutionem.
925 1206 1032 1303 Qrod
1048 1206 1139 1277 idem
1154 1207 1187 1275 in
1201 1202 1278 1276 Deo
1285 1200 1375 1273 obti-

222 1324 301 1376 nere
327 1304 388 1396 (de
402 1327 472 1400 quo
486 1320 601 1379 tamen
615 1324 804 1375 reverenter
819 1303 875 1375 hic
891 1303 1113 1402 cogitandum
1123 1298 1375 1398 &loquendum

220 1402 269 1497 est
279 1405 308 1487 f)
323 1404 511 1497 Scriptura
532 1401 632 1473 toties
649 1424 710 1471 nos
724 1401 853 1489 docet,
884 1404 1015 1496 quoties
1031 1401 1125 1473 illum
1141 1399 1239 1477 infert
1254 1401 1376 1472 zeloten

222 1518 228 1529 ·
244 1504 323 1568 tor'r'a
340 1498 377 1570 ἃ
391 1501 637 1597 majestaerisfira,
667 1521 769 1590 quam
784 1518 943 1592 tanquam
960 1523 1029 1570 rem
1045 1498 1107 1570 fibi
1123 1494 1318 1568 cariffimam
1332 1490 1376 1564 ab

216 1525 366 1669 bomine
380 1596 521 1683 impune
533 1592 611 1659 laedi
624 1614 693 1658 non
707 1596 904 1682 permittit,
936 1597 991 1666 sed
1005 1597 1125 1688 quovis
1138 1595 1264 1681 modo,
1300 1589 1376 1682 (bc,

223 1690 419 1776 carnaliter
435 1709 504 1754 non
521 1683 656 1778 poffitt)
680 1707 740 1776 per
753 1710 871 1784 penam
886 1690 1041 1784 prosequi
1057 1691 1093 1759 bt
1108 1691 1278 1759 vindicare
1291 1688 1378 1757 vult.

223 1781 301 1857 Etsi
317 1786 429 1878 itaque
443 1783 607 1854 summum
623 1779 689 1851 Dei
699 1781 757 1873 jus
773 1781 998 1857 imortalibus
1007 1810 1075 1858 non
1084 1782 1382 1858 temeredefinien·

131 1942 134 1948 .
221 1883 304 1954 dum
320 1880 387 1967 est,
413 1879 448 1950 ὅ(
464 1875 561 1948 nobis
576 1878 683 1974 magis
699 1879 972 1977 investigandum
989 1880 1048 1972 fit,
1073 1884 1154 1979 quid
1171 1882 1380 1969 Demadis,
1416 1898 1420 1905 ’

219 2000 324 2076 quam
340 1975 422 2075 quid
437 1977 521 2069 poffit
537 2000 548 2044 .·
582 1995 713 2047 tantum
730 1996 844 2049 tamen
858 1978 942 2050 lucis
959 1980 1132 2074 Scriptura
1146 1978 1181 2050 &
1197 1979 1303 2052 Ratio
1319 2000 1383 2048 no-

219 2074 274 2147 bis
291 2076 349 2147 hic
365 2074 523 2146 videntur
539 2069 802 2161 subministrare,
834 2095 872 2146 ut
889 2077 1001 2150 dicere
1019 2076 1219 2166 debeamus,
1245 2074 1380 2163 Deum,

218 2171 279 2246 vel
297 2173 443 2244 maxime
460 2168 516 2243 hic
531 2188 570 2242 ut
585 2168 797 2243 Creditorem
814 2170 1023 2267 spedatum,
1044 2174 1379 2270 nonpoffesalvona-

223 2270 321 2367 rurali
335 2286 466 2362 amore,
491 2268 773 2365 quomajestatem
782 2270 869 2344 suam
880 2274 1109 2370 prosequitur,
1134 2271 1306 2368 quibusvis
1316 2272 1378 2343 ho·

172 2429 178 2441 .
222 2370 353 2440 minum
370 2365 512 2439 Delietis
529 2366 1378 2465 veniamfacereabsqueintervenienteSatisfafflo·

219 2474 283 2538 'ner
309 2466 596 2560 quemadmodum
611 2484 742 2538 certum
757 2468 804 2537 est
819 2476 861 2539 e'x
876 2491 1020 2557 eventu,
1045 2466 1375 2556 Deumnonfeciffe,

223 2562 283 2658 qui
303 2567 463 2637 nimirum
480 2563 571 2637 nulla
584 2563 763 2635 hominum
777 2567 901 2636 Delitla
915 2571 1063 2657 eradonas
1077 2567 1138 2639 nist
1154 2570 1208 2640 dui
1223 2580 1258 2639 τέ
1276 2566 1376 2662 αἶψα·
1429 2583 1433 2597 “

218 2666 274 2737 ’τις
298 2671 334 2733 τί
352 2671 470 2766 xpm&
496 2660 665 2737 Adversus
689 2685 764 2760 quae
782 2661 892 2756 siquis
908 2664 1046 2751 inferat,
1072 2663 1117 2735 stc
1132 2667 1245 2758 itaque
1260 2666 1372 2737 Deum
1410 2656 1564 2760 moriem,

189 2818 193 2835 .
223 2762 386 2852 ,tanquam
403 2761 588 2828 creditorem
602 2757 668 2827 dici
685 2781 754 2826 non
770 2759 1375 2851 poss'edebirumbominibusremr'uere,
1396 2779 1451 2811 Μ
1474 2766 1550 2811 ⁸⁰⁶⁸st

223 2846 307 2928 eum
325 2852 503 2945 solationem
523 2878 584 2951 pro
606 2850 727 2923 debitis
745 2856 889 2946 accipiat
907 2855 1090 2926 secundum
1106 2856 1251 2926 nostram
1267 2855 1377 2951 hypo·
1397 2826 1548 2889 “fimum‘'

219 2951 335 3025 'thefin
349 2950 369 3023 ὲ
383 2948 569 3047 Sponsore:
602 2950 696 3019 illum
712 2948 792 3020 scire
806 2971 961 3045 oportet,
994 2953 1199 3046 scripturam
1216 2953 1323 3047 pbrafi
1339 2952 1375 3027 bt

216 3048 424 3146 'metaphora
440 3051 628 3143 Remiffiom's
640 3044 836 3136 Debitorem,
861 3071 937 3143 quae
951 3051 1119 3145 peccatori
1135 3050 1154 3121 a
1170 3049 1249 3122 Deo
1263 3051 1378 3126 obtin·
1430 3050 1433 3061 '

218 3150 295 3267 git,
321 3171 382 3218 nos
396 3172 464 3218 non
479 3146 618 3220 voluiffe
634 3143 758 3216 docere
772 3164 882 3217 totum
891 3150 1067 3246 negotium
1076 3149 1306 3240 Jussificarirnr'a
1314 3152 1378 3225 ho-

219 3248 325 3329 ,minis
350 3247 542 3318 Peccatoris
563 3264 677 3314 coram
692 3239 858 3314 Tribunali
873 3251 935 3316 Dei
949 3295 962 3335 ,
995 3246 1048 3319 sed
1065 3246 1154 3318 illam
1170 3267 1301 3323 tantum
1316 3276 1378 3325 vo·

220 3342 319 3418 luisse
335 3343 494 3429 illustrare
508 3341 738 3436 Justificarr'onir
753 3361 901 3434 partem,
926 3366 1001 3437 quae
1016 3343 1059 3414 ad
1069 3345 1223 3418 homines
1232 3348 1378 3445 spestat,
1435 3336 1441 3341 ’

249 3442 370 3514 uaren'ua
386 3439 496 3533 superb
513 3434 686 3537 nnnrtsk,
711 3445 749 3532 τῇ
765 3446 843 3510 dart?
855 3443 965 3533 χάριτι
982 3464 1041 3537 pet
1049 3443 1150 3532 [olam
1165 3442 1230 3516 Dei
1240 3455 1379 3544 gratiam

222 3469 265 3609 b(
280 3538 512 3626 clementiam,
537 3536 659 3631 absque
673 3559 742 3628 quo
757 3536 802 3607 illi
813 3541 909 3637 perse
925 3541 1062 3612 Divina
1073 3539 1211 3632 justitia
1221 3547 1380 3619 velmini·

221 3634 324 3729 smum
345 3637 536 3731 persolvant
556 3634 801 3732 quadrantem,
834 3660 996 3735 magnum
1018 3637 1084 3708 hoe
1101 3637 1303 3715 beneficium
1320 3652 1381 3716 Re·

227 3733 367 3825 miffiom'r
377 3759 565 3832 peccatorum
579 3732 838 3825 consequuntur.
864 3737 1012 3829 Sponiot
1026 3737 1116 3809 enim
1128 3737 1301 3828 Christus,
1326 3743 1381 3813 Fi·

227 3832 292 3907 lius
307 3828 397 3921 Dei,
421 3855 488 3929 non
502 3832 608 3927 estex
622 3829 817 3922 hominibus
834 3831 886 3904 sed
902 3863 941 3904 ex
957 3842 1043 3924 Deo,
1067 3834 1261 3917 horninibus
1275 3838 1381 3911 aDcn

222 3931 228 3939 ’
465 3943 469 3949 “
578 3948 581 3953 ’
682 3931 931 4004 Aaaaaa2
1285 3935 1382 4008 exli·

183 4024 251 4105 ,ἰ
270 4032 749 4131 00¹·¹·14·..b30}1¹·¹¹¹·24·
789 4071 859 4111 ··‚‚
1099 4048 1103 4055 ·
