3456 4718
343 276 384 349 in
414 212 585 346 secessas
614 262 845 342 Arosrocrcn.
875 260 1027 346 Lnlv.
1048 262 1216 349 Car.lX.
1258 292 1336 373 991

193 424 239 495 ni.
272 421 328 495 Ex
341 437 487 512 quorum
502 412 752 505 comparatione
769 409 895 506 liquet,
920 408 1090 501 pessimam
1108 410 1246 484 haeresrn
1262 436 1341 507 per·

191 522 302 617 plures
315 537 423 587 annos
435 509 478 583 ab
492 511 593 581 initiis
605 508 646 580 ad
662 507 780 581 ultima
794 507 908 582 saltem
923 507 1073 582 Neronis
1088 508 1272 584 Ecclesiam
1282 533 1340 584 ex·

192 616 344 692 ercuisse.
1182 652 1188 661 ·

245 716 307 789 ΧΙ
321 711 363 780 ll.
387 703 517 802 Qrodfi
543 704 617 798 quis
643 699 793 788 haefitet,
824 705 881 799 qui
898 705 971 778 sieri
987 707 1151 799 potuerit,
1185 728 1224 779 ut
1238 706 1338 779 Chri·
1372 732 1524 790 nubtum-e·
1585 716 1592 735 ‘

197 815 310 888 stiana·
323 806 419 879 Fidei
434 803 604 888 homines,
638 824 707 870 non
723 801 888 897 abnegata
903 802 1062 875 haetenus
1080 806 1224 876 nominis
1238 807 1335 878 Chri·
1356 797 1528 906 ‘'wateu-

197 910 291 984 stiani
306 899 522 999 professione,
546 901 588 969 ad
604 897 703 971 talem
713 898 927 993 prolapsrsrnt
935 903 1150 994 opinionem,
1175 926 1340 995 perquam
1359 878 1407 989 dn
1417 876 1516 972 lilii

193 1007 406 1102 praecipuum
422 995 597 1069 Dodrinae
605 995 1087 1086 Chrillianalirndamentum,
1111 998 1233 1095 abipso
1243 1000 1343 1073 Chri·
1358 983 1499 1057 mmm·

196 1106 245 1178 sto
270 1106 305 1174 in
331 1098 567 1191 Disputatione
581 1091 733 1163 adversus
748 1092 949 1165 Sadducaeos
962 1094 1189 1187 adalradum,
1221 1100 1343 1170 everti·

194 1222 266 1277 tur:
292 1197 387 1271 illurn
404 1193 566 1265 meditate
579 1190 688 1262 secum
707 1191 910 1284 perpendere
924 1193 1046 1279 velim,
1071 1195 1195 1265 nullam
1213 1197 1342 1269 inScri·

194 1322 295 1396 ptura
308 1308 378 1367 tarn
388 1289 858 1382 claramrepeririveritatem‚
883 1292 1116 1382 quamhomo,
1140 1293 1343 1385 prejudiciis

197 1414 400 1488 occupatus,
425 1387 450 1461 fi
464 1388 603 1484 ingenio
618 1386 676 1455 suo
691 1383 784 1455 abuti
798 1386 898 1474 velit,
924 1386 1000 1458 falsa
1015 1409 1128 1463 textus
1142 1391 1231 1463 Sacri
1241 1392 1343 1464 inter·-

162 1558 167 1565 .
197 1495 390 1590 pretatione
401 1510 471 1558 non
485 1482 582 1578 possit
595 1481 787 1570 obscurare,
813 1482 849 1553 ὅ(
865 1486 898 1554 in
912 1486 1055 1556 alienum
1066 1487 1266 1581 detorquere
1274 1491 1344 1560 sen·

201 1595 286 1667 sum.
317 1577 540 1681 Quid-enim?
572 1580 817 1651 Mirabimume
832 1582 957 1677 magis,
981 1586 1223 1680 flymenaum&
1241 1588 1345 1658 Phile·

200 1684 354 1780 impoli
368 1675 595 1753 vindicatami
604 1675 754 1747 Domino
762 1676 956 1749 sententiam
968 1679 1009 1749 de
1018 1681 1241 1770 Resuscitarione
1250 1693 1345 1754 Mor·

201 1808 325 1858 suorum
337 1779 477 1851 eandem
491 1795 602 1846 tamen
617 1773 704 1846 illam
719 1775 1020 1847 Resuscitationem
1036 1779 1186 1874 negasse,
1218 1779 1278 1851 etsr
1292 1781 1344 1850 in·

202 1901 293 1956 terea
306 1898 433 1949 nomen
450 1871 675 1945 Christianum
690 1895 758 1942 non
772 1873 998 1970 deponerent:
1023 1898 1124 1969 quarn
1141 1883 1344 1950 Marcionita

197 1979 275 2077 post
298 1974 439 2048 eandem
465 1972 551 2041 hanc
566 1968 762 2042 sententiam
777 1971 820 2042 de
834 1972 1047 2064 Resurreeiione
1059 1982 1239 2067 Corporum,
1275 1973 1345 2049 five

200 2078 333 2161 Carris,
364 2068 502 2143 &Paulo
517 2070 664 2164 inpriore
677 2068 719 2138 ad
735 2066 932 2153 Corinthios
947 2072 1079 2166 Epistola
1092 2071 1202 2143 valide
1216 2072 1346 2147 adstru-

202 2170 318 2261 siam,
346 2168 488 2240 eandem
515 2184 631 2237 tamen
655 2163 743 2236 hanc
767 2165 869 2238 fidem
883 2166 927 2239 de
944 2169 1159 2261 Resairesir'one
1174 2176 1281 2241 Carnis
1294 2196 1347 2245 re-

200 2263 398 2368 probasse&
412 2261 590 2358 explosrlle
604 2310 617 2350 ‚
648 2261 730 2332 dum
745 2263 870 2334 interea
885 2288 953 2335 non
968 2264 1072 2336 modo
1086 2265 1267 2339 Christiani
1285 2270 1346 2343 de·

199 2365 365 2440 nominari
379 2358 582 2457 cupiebant,
607 2357 661 2431 sed
680 2359 772 2430 Pauli
787 2360 1160 2460 quoqueaudoritatem
1171 2365 1346 2440 viderivo·

199 2463 314 2541 lebant
327 2478 516 2535 reverenter
529 2456 713 2528 admodum
728 2456 867 2548 habere,
893 2485 955 2533 ceu
971 2463 1004 2531 in
1018 2461 1217 2536 Tertulliani
1233 2464 1362 2538 Libris-

198 2561 353 2637 adversus
367 2558 441 2630 illos
458 2557 572 2629 videre
585 2551 656 2627 est?
679 2556 776 2627 Patet
792 2559 907 2655 utique
922 2559 1018 2647 inde,
1044 2561 1167 2633 nullam
1184 2550 1347 2636 esl'eScri·

202 2678 308 2755 pture
329 2675 401 2727 tam
424 2655 631 2751 perspicuam
647 2651 864 2744 Dostrinam,
891 2681 991 2750 qnam
1008 2657 1187 2730 audacibus
1203 2661 1348 2753 ingeniis

203 2751 345 2828 difficile
362 2752 401 2826 srt
413 2751 585 2825 obscurare
597 2750 730 2822 nebulis
744 2754 1036 2823 ratiocinationum
1050 2754 1086 2824 ἃ
1102 2756 1348 2847 interpretatio·

204 2877 288 2927 num
303 2848 480 2939 salsarum,
510 2845 591 2923 siab
606 2873 649 2920 eo
663 2846 927 2922 consideratione
942 2849 1058 2923 Divini
1070 2850 1190 2945 judicii
1205 2872 1274 2919 non
1287 2849 1347 2921 ab·

200 2952 415 3027 slerreantur.

247 3047 352 3121 XV.'
365 3041 433 3117 Sed
447 3041 498 3116 est
511 3061 668 3139 praeterea
683 3045 774 3143 quod
789 3044 960 3135 dubitem,
977 3041 1027 3118 'an
1042 3071 1084 3118 eo
1093 3047 1163 3143 jam
1173 3064 1346 3142 tempore,
1379 3069 1534 3132 nussum

201 3170 270 3240 quo
285 3145 361 3217 haec
374 3140 506 3215 haeresis
522 3145 685 3238 propalari
699 3148 827 3238 coepit,
851 3146 918 3216 lroc
932 3145 998 3232 esi,
1023 3146 1168 3217 ininitiis
1177 3144 1345 3236 Neronis,
1365 3134 1536 3247 luffelgffffl

162 3324 165 3331 ,
202 3241 408 3340 Evangelia,
430 3238 473 3312 ab
492 3240 662 3335 Apostolis
676 3264 733 3315 aut
748 3241 969 3340 Evangelistis
983 3241 1194 3338 conscripta,
1219 3243 1346 3318 versata
1364 3211 1536 3325 {lutuosas-

203 3342 327 3416 suerint
350 3342 385 3410 in
410 3335 564 3410 manibus
576 3340 808 3424 credentium3
841 3340 913 3427 vel,
946 3338 1170 3411 erebraeum
1188 3342 1348 3415 Matthaei
1366 3322 1417 3386 ⁹⁸¹³

198 3439 356 3538 jamtum
370 3436 517 3510 extitisse
530 3436 693 3523 velimus,
718 3460 760 3508 an
776 3437 898 3507 Graeca
912 3437 1019 3509 Lucae
1034 3435 1069 3506 ὅ(
1089 3439 1199 3510 Marci
1215 3439 1273 3510 illo
1282 3439 1348 3532 iarn

205 3555 356 3632 tempore
380 3536 471 3609 edita
487 3532 632 3607 suerint?
664 3533 740 3605 lmo
755 3538 917 3605 rationem
933 3533 1095 3605 habemus
1109 3559 1177 3605 non
1195 3557 1349 3610 contem·

202 3636 367 3724 nerrdam,
392 3655 492 3729 quare
504 3632 546 3703 ad
561 3652 741 3729 negantem
755 3632 949 3705 sententiam
962 3634 1238 3728 propendeamus.
1264 3638 1348 3730 Quo

199 3732 392 3830 suppono,
423 3739 552 3825 (neque
565 3735 656 3802 enim
670 3733 705 3802 in
720 3731 810 3803 illam
827 3735 997 3803 materiam
1017 3754 1107 3802 nunc
1117 3731 1252 3829 digredi
1266 3757 1351 3805 con·

199 3832 333 3914 venitz)
359 3827 458 3899 simul
471 3849 631 3921 apparet,
656 3827 877 3924 perniciosum
893 3830 960 3901 hoc
974 3830 1102 3928 dogma
1114 3854 1157 3903 ex
1172 3830 1297 3904 disertis
1312 3828 1349 3901 &

201 3926 335 4005 dedis
361 3922 491 4000 Christi
516 3923 658 3998 Domini
682 3927 886 4031 sermonibus
905 3928 972 4001 hoc
988 3927 1030 4002 de
1045 3948 1263 4029 argumento,
1288 3924 1377 3999 nisi.

1292 4025 1350 4118 qui
1451 4022 1461 4045 ⁴
