3456 4718
426 32 429 41 i

213 252 393 335 Cinv.
571 204 1134 351 AdversusMiisiiiiin
1298 287 1375 361 301

210 392 287 479 esti
312 388 417 463 verba
429 387 611 486 Prophetae
625 389 820 500 neutiquam
837 380 949 459 ferunt
964 384 1154 480 hujusmodi
1169 386 1372 488 versionem,

209 514 289 587 quae
311 491 600 584 comparationem
616 487 715 559 infert
731 508 820 557 mter
833 484 915 556 duas
930 481 1068 572 Urbes,
1101 505 1139 556 ut
1153 488 1296 565 instituit
1311 496 1374 567 Vir

208 590 267 661 Cl.
282 592 582 679 Quuunnuouuri
596 608 684 689 capta
697 583 938 677 eflScheschach:
966 591 1373 694 urinucepiendaeri'tlte-

206 684 268 758 bel.
295 686 454 774 Sensum,
479 687 635 781 inquam,
660 684 751 755 hunc
766 681 889 776 respuit
904 677 1163 752 hebraeaoratio.
1188 688 1372 779 Vocularre

207 782 335 879 ubique
356 808 416 881 pei·
434 784 640 878 Scripturam
663 790 792 874 (neque
805 780 895 850 euim
911 797 1028 872 putem
1044 784 1249 855 contrarium
1265 786 1372 860 ullum

207 881 402 975 exemplum
417 879 554 976 proferri
570 881 698 977 possm)
722 875 938 975 interrogative*
953 876 1117 965 sumitur,
1142 881 1261 953 eodem
1277 886 1369 957 sensu

206 1002 278 1073 quo
292 980 493 1053 Grecorum
507 988 589 1069 πᾶς,
614 976 695 1071 (etsi
710 976 776 1048 hoc
790 998 893 1048 enain
908 975 1004 1045 latius
1020 981 1171 1068 pateutz)
1197 979 1368 1055 sivcmcrd

205 1082 437 1174 interrogatoria
461 1075 530 1150 siie
552 1080 654 1149 etiarn
672 1072 808 1172 querula
821 1091 880 1143 aut
894 1069 1067 1168 miftrpbilis
1084 1074 1152 1146 sive
1165 1079 1368 1150 lamentabilis

204 1173 246 1246 sit
259 1177 393 1266 oratio,
415 1198 464 1248 ut
476 1162 567 1272 apud
580 1175 720 1268 Jesuiam
738 1199 746 1244 :
771 1196 850 1245 rotie
862 1171 945 1266 Qio
960 1194 1061 1242 mono
1068 1175 1158 1267 fasta
1171 1177 1209 1268 est
1222 1187 1367 1251 meretrix
1379 1186 1517 1258 0³1³·10222'

202 1272 451 1369 Civitasfideli'e!
476 1276 583 1367 Atqui
599 1271 781 1368 posteriore
795 1269 863 1340 hoc
877 1267 966 1338 seusu
978 1270 1366 1370 inhociierfiioccuriere,

200 1366 463 1443 manifestissime
476 1371 581 1464 liquet
595 1368 837 1461 exfitieversusi
863 1388 939 1460 quie
948 1365 1365 1448 verbasiuutecedcntibus

199 1468 371 1559 adiecisset
385 1466 600 1539 Marshamus
614 1514 627 1554 ,
659 1467 792 1561 integro
806 1487 950 1535 commate
964 1463 1130 1561 descripto
1146 1516 1158 1555 ,
1184 1469 1293 1543 sensus
1307 1499 1366 1548 ve·

199 1588 256 1638 rus
270 1567 443 1638 sententiae
459 1566 629 1636 neminem
647 1560 805 1658 potuisset
817 1560 945 1659 sugere.
979 1560 1181 1656 Subjicitui,
1206 1571 1363 1664 inquam,

200 1663 352 1752 caeteris,
376 1663 522 1757 repetito
534 1661 707 1733 lamento:
736 1685 780 1756 pii
795 1661 879 1762 Qio
895 1661 1094 1753 iuonofessa
1106 1666 1145 1762 est
1159 1664 1255 1736 Babil
1269 1675 1303 1738 in
1311 1672 1365 1740 de-

191 1761 374 1853 solati'onem
394 1767 473 1831 inter
495 1757 632 1830 Gentes!
663 1757 839 1829 Converte
860 1759 965 1855 igitur
978 1758 1119 1852 locum,
1150 1783 1189 1835 ut
1199 1763 1271 1858 jam
1285 1786 1364 1840 ante

198 1857 345 1932 institui:
373 1858 448 1956 Qui
462 1857 672 1954 (quomodo)
687 1855 1103 1956 capaeflSciruscriicii!
1129 1864 1364 1964 captauseno-
1397 1866 1470 1922 '¹²³³
1538 1872 1541 1877 '

198 1980 328 2030 nitrio
342 1981 466 2030 torius
480 1954 637 2030 ruente!
663 1955 1363 2051 ououooofaesaesti‘ndesolationemssiiutr.
1411 1927 1472 2000 w

196 2062 278 2126 inter
292 2051 430 2128 Gentes?
462 2058 554 2151 Qurr.
569 2077 648 2127 cum
664 2050 841 2126 certissima
856 2050 938 2141 fint,
964 2053 1001 2123 &
1015 2052 1104 2126 redii}
1117 2056 1361 2134 demonstrata:

195 2153 282 2226 nihil
297 2152 441 2226 omnino
453 2176 609 2226 curamus
623 2148 858 2225 auctoritatem
872 2149 1016 2240 Ortelii,
1040 2152 1120 2227 alias
1129 2179 1198 2227 non
1207 2157 1364 2253 spernen-

194 2251 292 2324 dam:
317 2256 376 2349 qui
390 2273 504 2326 tamen
519 2254 555 2325 in
569 2258 748 2356 Sjnotymsa
763 2251 819 2324 sua
834 2251 1042 2352 Geographice
1056 2253 1126 2348 ejus
1141 2256 1227 2328 nihil
1241 2262 1361 2332 memi-
1373 2278 1456 2331 eume
1467 2277 1529 2337 wi·

194 2353 256 2421 nit.
281 2349 399 2425 Nimis
413 2352 655 2447 liquidumest,
680 2350 771 2443 quod
780 2349 847 2420 huc
855 2349 999 2438 adduxi,
1025 2353 1363 2445 quimutdubitiitio·

194 2468 274 2518 nem
288 2448 391 2520 ullam
405 2450 548 2544 amplius
564 2448 725 2539 reliquam
741 2446 851 2518 saciat.

244 2544 359 2617 XVI.
385 2544 587 2617 Audivimus
608 2541 819 2616 Nobiliffimi
841 2543 917 2616 Viri
931 2545 1040 2618 testes.
1064 2548 1149 2619 nihil
1163 2573 1225 2621 nos
1239 2551 1364 2627 docue·
1406 2604 1409 2609 -

193 2660 285 2715 runt.
310 2641 420 2731 aliud,
444 2642 500 2714 vel
517 2643 757 2731 dediversare,
781 2640 954 2713 testantur.
979 2642 1038 2712 Est
1048 2646 1364 2740 itaquenobiscaus·

193 2741 237 2815 sae
252 2738 288 2811 ὃ(
304 2742 441 2813 rationis
456 2740 551 2831 satis,
576 2763 678 2837 quare
694 2740 908 2837 repudiemus
922 2741 1144 2838 hypothesin,
1169 2746 1296 2818 temere
1311 2748 1363 2820 su·

191 2842 342 2937 sceptam
357 2889 370 2930 ,
394 2839 439 2912 de
451 2840 529 2933 Sufis
542 2840 562 2912 ὲ
576 2846 676 2912 Dario
694 2842 794 2912 Medo
808 2890 821 2930 ,
847 2837 916 2911 five
930 2841 1063 2936 Astyage
1079 2843 1290 2936 Mede-Persa
1304 2869 1363 2919 cx·

191 2943 370 3038 pugnatis,
395 2937 626 3036 &Elymaidi,
651 2934 1120 3036 sivePerfieoRegnoadjestisi
1147 2945 1361 3037 quametiam
1394 2998 1398 3021 .

190 3034 427 3137 infiiperi'oribus
436 3040 543 3127 evici,
559 3032 698 3108 minime
707 3035 1000 3132 ess'eprobabilem.
1023 3034 1361 3137 Nequsimmenpar-

190 3158 227 3212 te
240 3135 357 3209 officio
372 3160 449 3208 meo
464 3135 520 3207 hic
535 3132 639 3206 desim
656 3160 665 3204 τ
698 3136 852 3208 evincam
868 3158 962 3233 ego,
988 3134 1206 3229 probatione,
1230 3143 1359 3237 utiopi·

190 3257 273 3321 nor,
296 3231 400 3333 longe
418 3237 557 3307 meliore
571 3232 777 3322 &certiorc,
803 3237 876 3327 ὂψ
887 3232 1037 3321 Urbem,
1062 3234 1283 3326 situum,
1312 3241 1359 3312 illi

191 3329 393 3426 subjefitam,
417 3334 530 3405 adhuc
544 3331 637 3404 fuisse
651 3333 687 3403 in
695 3333 838 3430 potesate
852 3333 1060 3402 Chasdeorunt
1075 3340 1192 3431 Regum
1202 3335 1358 3428 posiobi·

191 3453 266 3505 tum
282 3429 601 3516 Nebucadnczarisi
626 3454 666 3502 iic
682 3431 822 3526 proinde
836 3429 952 3503 salsum
961 3430 1086 3521 videri,
1111 3433 1359 3533 AstyagemNe·
1477 3449 1484 3461 ‘

191 3528 413 3602 buiudneziiri
435 3528 602 3625 superstiti
623 3529 709 3601 hanc
731 3529 898 3603 ditionem
912 3530 1074 3625 eripuisse.
1105 3532 1358 3624 Argumentum

190 3623 401 3726 probationis
414 3625 554 3700 desumo
567 3650 609 3699 ex
625 3630 691 3724 ipsa
702 3626 851 3700 Danielis
860 3628 1014 3713 historia,
1040 3628 1358 3728 inquuhaecscripta

192 3743 327 3799 extant:
354 3733 450 3794 Anno
463 3733 550 3797 tireio
566 3734 663 3823 Regni
678 3729 851 3821 Belfiizare't
862 3735 944 3823 Regu
953 3728 1028 3819 visto
1036 3724 1112 3792 mihi·
1120 3730 1228 3822 asiqiia
1235 3730 1357 3829 obtigit,
1369 3757 1527 3820 cipiunt

191 3828 269 3898 mihi·
286 3824 414 3892 Danieli
419 3823 484 3920 pest
497 3827 579 3894 illud
593 3828 672 3918 quod
686 3833 719 3894 in
727 3832 878 3928 principio
894 3823 1048 3891 viderim.
1073 3829 1115 3892 Et
1131 3827 1359 3927 vidiinviji'ine

190 3942 240 4001 v-
249 3926 372 4020 fessum
384 3921 423 4017 ijs
436 3946 506 3992 ciem
520 3924 675 4017 viderem,
701 3946 749 3998 Ψ
763 3946 832 3995 eo»
849 3944 956 3993 ennii
970 3943 1009 3992 iri
1025 3923 1141 3999 huinri
1156 3949 1279 4019 nucu,
1300 3956 1360 4024 que

752 4020 864 4118 PP3
1310 4027 1361 4102 ess
