3450 4724
359 312 443 387 442
665 274 728 355 De
755 297 846 361 veta
874 263 1127 374 Definitione
1153 265 1227 351 &o
1291 364 1296 371 ¹
1347 270 1450 352 Lm.
1471 277 1547 363 VI.

362 417 449 487 tari:
468 408 642 514 separanda
653 428 754 479 tamen
768 409 816 478 eii
829 409 1115 493 menteta‘anim,
1139 425 1231 502 atque
1238 400 1550 507 ibiconssdmnam

365 511 425 603 cst,
448 507 621 609 quidboni,
645 507 760 603 quidve
773 509 853 577 mali
857 507 910 598 fit.
935 504 1043 598 Atqui
1059 502 1093 575 id
1108 503 1223 599 agitur
1238 503 1307 576 hoc
1324 504 1362 575 in
1375 507 1477 601 casu,
1502 530 1545 585 ut

365 631 437 681 rem
451 607 674 693 declaremus,
697 598 1254 700 quomodoveridatur&concipi
1262 600 1375 700 potest
1384 607 1544 687 interum

366 724 481 779 natura
496 703 644 777 existere.
668 702 803 799 Pergit:
828 708 912 773 Sicut
923 701 1069 798 quicquid
1082 723 1179 770 motus
1187 702 1234 771 eti
1242 707 1277 770 in
1284 705 1545 804 claudicatione,

365 804 413 872 eil
431 799 450 871 i
464 809 586 874 Virtute
592 802 727 902 greffiva
740 831 753 886 3
784 802 966 895 deformitas
978 822 1078 870 autem
1092 805 1157 900 ejus
1172 796 1253 893 eiii
1266 807 1426 876 curvitate
1437 812 1542 881 murti.

363 896 445 971 Hoc
460 896 566 973 simile
581 898 729 997 rigidum
744 921 887 971 examen
897 897 1055 971 sustinere
1062 921 1130 968 non
1138 892 1263 994 potest.
1285 904 1402 976 ¹Motus
1409 904 1446 974 in
1454 908 1542 977 claa-

362 997 503 1087 dicante,
526 1004 579 1096 qui
593 997 629 1069 ὃ(
644 1016 810 1096 quatenus
823 998 861 1092 est
875 992 1169 1094 ivirtutegreffiva‚
1193 994 1540 1078 nihilhabttvitiicum

299 1127 306 1139 ·
362 1093 515 1192 respedtu
530 1097 573 1169 ad
586 1103 740 1170 Virtutem
747 1096 932 1193 graffium,
958 1098 1037 1191 quia
1049 1101 1181 1170 Virtutis
1190 1096 1325 1192 greffioae
1339 1118 1412 1171 non
1426 1098 1477 1172 est
1507 1130 1539 1173 e·

364 1194 434 1264 dem
448 1194 559 1265 retium
576 1193 749 1292 praestare,
774 1190 1264 1266 sedsolummodoeummovere.
1287 1192 1355 1266 Sed
1412 1220 1456 1270 ne
1499 1222 1539 1271 o·

364 1290 544 1364 luntariam
560 1291 704 1367 caufl'am
717 1296 899 1362 vacillantis
911 1312 970 1364 aut
983 1295 1085 1371 laxati
1097 1297 1217 1364 cruris:
1244 1299 1256 1378 (
1264 1293 1353 1364 intm
1390 1318 1429 1367 os
1446 1297 1538 1371 enim

366 1390 528 1462 terminos
536 1388 1102 1487 staredebebithaeccomparatioz)
1118 1413 1161 1462 an
1169 1388 1287 1464 eadem
1296 1414 1368 1462 non
1375 1394 1537 1471 etitcaus·

365 1485 626 1580 sadefhrmiratis,
651 1488 780 1588 quaede
788 1511 998 1561 crurecurvo
1006 1512 1084 1561 cum
1092 1486 1243 1585 respedtu
1251 1489 1293 1562 ad
1302 1513 1379 1562 crus
1387 1488 1536 1586 redum,

365 1583 485 1657 formae
500 1587 666 1678 melioris,
691 1584 922 1685 praedicatur?
952 1593 1050 1660 Lin‘ea
1063 1613 1179 1677 curva,
1203 1611 1281 1684 quae
1296 1586 1377 1661 duci
1391 1580 1535 1667 debebat

366 1682 412 1755 ad
423 1685 536 1757 retiam
549 1686 655 1761 veluti
663 1685 1008 1784 adsuumexemplar,
1032 1684 1079 1759 est
1106 1708 1250 1758 eccatum.
1274 1685 1536 1763 Diciturauteru

361 1804 538 1884 peccatum,
563 1787 641 1883 quia
653 1812 713 1856 non
727 1787 889 1860 convenit
901 1789 991 1856 retia.
1016 1782 1064 1858 Vi
1089 1785 1190 1881 ejam
1205 1807 1248 1856 an
1261 1787 1402 1884 concipi
1417 1806 1538 1885 quat,

367 1880 462 1977 posse
475 1906 578 1978 quem
592 1885 657 1958 ess'e
670 1883 842 1958 audiorem
859 1884 956 1957 lineae
970 1910 1067 1954 curva
1080 1881 1246 1957 ducendae
1255 1884 1298 1956 ad
1306 1886 1537 1985 exemplatreg

367 1984 435 2068 ila,
459 1977 495 2050 &
510 2001 624 2055 tamen
638 2006 709 2054 non
723 1983 788 2057 effe
802 1979 974 2055 audiorem
985 1989 1113 2084 peccati.

411 2077 495 2150 XX
504 2080 541 2153 X
550 2081 596 2155 V.
621 2080 717 2179 Ergo
731 2103 810 2153 cum
811 2087 1004 2180 privationes
1010 2078 1222 2176 fintduplicis
1254 2081 1382 2170 oneris,
1409 2081 1538 2157 velms

364 2200 402 2242 ra
412 2181 622 2272 privationes,
647 2203 725 2276 quae
740 2177 935 2276 fimpliciter
948 2200 1073 2279 negant
1082 2179 1124 2250 de
1130 2102 1278 2268 subjedo
1284 2177 1368 2272 quid
1374 2178 1539 2258 debitum

362 2268 482 2361 ineffe3
509 2277 564 2347 vel
581 2301 657 2375 quae
667 2273 1541 2375 fiabstratumfibihabentaliumquendamHabr‘tum,

363 2369 597 2468 Qraiitatem,
621 2377 792 2467 Modum,
808 2377 968 2471 formam,
991 2399 1066 2474 quae
1079 2373 1223 2449 formam
1232 2371 1539 2451 melioremexciu·

363 2466 471 2542 dat&
486 2475 712 2570 privationem
727 2475 911 2548 necessario
926 2495 1031 2574 ponat
1045 2473 1082 2547 &
1096 2473 1265 2548 involvat:
1291 2496 1368 2570 quae
1379 2471 1478 2549 est&
1487 2477 1537 2550 di·

362 2571 452 2643 titur
465 2571 565 2668 hujus
578 2574 697 2647 formae
712 2575 840 2663 cauffa,
865 2572 1535 2675 eademdicendavideturcauffiiprivasio·

360 2674 431 2759 nis,
456 2671 666 2842 {itiosrtatin
691 2673 933 2769 deformitatis,
957 2694 1059 2773 quam
1073 2674 1182 2746 forma
1198 2673 1319 2748 melior
1334 2672 1474 2749 exclusa
1486 2672 1534 2749 se·

361 2790 532 2845 emnem.

408 2870 614 2948 XXXVI.
641 2870 738 2946 Cum¹
747 2889 861 2945 autem
876 2869 971 2947 Deus
983 2870 1108 2970 absque
1121 2870 1198 2946 blas
1193 2871 1330 2969 phemio
1344 2869 1413 2944 dici
1427 2866 1464 2943 &
1474 2894 1532 2944 co·

359 2969 459 3066 gitari
475 2989 620 3064 nequeat
633 2971 698 3044 effe
714 2978 836 3043 Peccatt'
850 2973 990 3043 Auiior:
1014 2972 1261 3068 dispiciendum
1277 2970 1410 3044 videtur
1422 2969 1466 3039 de
1479 2989 1531 3041 ta·

357 3070 382 3138 ii
397 3066 544 3162 quodam
559 3069 673 3141 Modo
687 3069 881 3170 explicandi
894 3069 1058 3143 Divinam
1073 3071 1347 3161 Providentiam,
1370 3083 1406 3139 ut
1421 3062 1529 3139 versa·

357 3164 514 3234 tureirca
529 3169 651 3256 Mala,
678 3191 943 3263 quaevocamus,
969 3175 1139 3259 Moralr'a,
1164 3172 1301 3267 quinon
1311 3183 1530 3268 pugnetcum

355 3260 532 3350 Ratione,
565 3261 601 3335 ἃ
617 3263 746 3340 summa
761 3268 862 3342 Entis
875 3264 1106 3343 perfectissimi
1123 3319 1138 3362 ‚
1161 3269 1195 3342 h.
1212 3291 1242 3342 e.
1257 3266 1419 3368 Optimi,
1445 3264 1531 3357 Sans

353 3355 505 3452 diffini,
531 3358 714 3456 Puriffimi,
740 3366 872 3441 Gloria.

402 3460 632 3537 XXXVII.
656 3469 926 3561 Dtnomt'nntiones
940 3473 1081 3555 Pectati,
1105 3492 1183 3563 quae
1198 3468 1234 3540 in
1249 3464 1392 3540 Divinis
1405 3463 1530 3541 Literis

355 3579 473 3633 extant
487 3562 671 3636 admodum
686 3563 914 3660 emphaticae,
939 3587 981 3636 ex
998 3560 1120 3659 quibus
1134 3567 1223 3639 illius
1237 3565 1397 3658 Natura,
1423 3564 1528 3639 Attri-

355 3651 456 3745 buta,
482 3659 517 3729 ὃ(
533 3657 666 3734 Effeeta
674 3661 773 3736 facile*
781 3662 916 3759 possunt
924 3660 1096 3755 illustrari,
1121 3665 1529 3762 hicprolixiusexplicate

355 3776 440 3847 opus
455 3778 524 3825 non
537 3758 659 3854 fuerit,
683 3783 763 3834 cum
779 3762 813 3835 id
821 3761 1158 3861 egregidpraestiterit
1166 3762 1406 3861 Cl.Cotcejus
1415 3785 1486 3837 tarn
1494 3763 1528 3834 in

350 3861 475 3926 Summa
488 3855 596 3928 Theol.
610 3857 647 3930 &
662 3861 814 3935 Doilrt'na
825 3866 865 3937 de
877 3863 1026 3954 Pedere,
1051 3885 1152 3960 quam
1167 3865 1386 3966 Disputatione
1398 3865 1445 3938 de
1461 3864 1528 3938 hoc

348 3960 694 4054 anmmnnoanmn

1364 4052 1525 4137 caius
